@article{paper:higgs_combined,
  title = {Combined measurements of Higgs boson production and decay using up to $80\text{ }\text{ }{\mathrm{fb}}^{\ensuremath{-}1}$ of proton-proton collision data at $\sqrt{s}=13\text{ }\text{ }\mathrm{TeV}$ collected with the ATLAS experiment},
  author = {Aad, G. and Abbott, B. and Abbott, D. C. and Abdinov, O. and Abed Abud, A. and Abeling, K. and Abhayasinghe, D. K. and Abidi, S. H. and AbouZeid, O. S. and Abraham, N. L. and Abramowicz, H. and Abreu, H. and Abulaiti, Y. and Acharya, B. S. and Achkar, B. and Adachi, S. and Adam, L. and Adam Bourdarios, C. and Adamczyk, L. and Adamek, L. and Adelman, J. and Adersberger, M. and Adiguzel, A. and Adorni, S. and Adye, T. and Affolder, A. A. and Afik, Y. and Agapopoulou, C. and Agaras, M. N. and Aggarwal, A. and Agheorghiesei, C. and Aguilar-Saavedra, J. A. and Ahmadov, F. and Ahmed, W. S. and Ai, X. and Aielli, G. and Akatsuka, S. and \AA{}kesson, T. P. A. and Akilli, E. and Akimov, A. V. and Al Khoury, K. and Alberghi, G. L. and Albert, J. and Alconada Verzini, M. J. and Alderweireldt, S. and Aleksa, M. and Aleksandrov, I. N. and Alexa, C. and Alexandre, D. and Alexopoulos, T. and Alfonsi, A. and Alhroob, M. and Ali, B. and Alimonti, G. and Alison, J. and Alkire, S. P. and Allaire, C. and Allbrooke, B. M. M. and Allen, B. W. and Allport, P. P. and Aloisio, A. and Alonso, A. and Alonso, F. and Alpigiani, C. and Alshehri, A. A. and Alvarez Estevez, M. and \'Alvarez Piqueras, D. and Alviggi, M. G. and Amaral Coutinho, Y. and Ambler, A. and Ambroz, L. and Amelung, C. and Amidei, D. and Amor Dos Santos, S. P. and Amoroso, S. and Amrouche, C. S. and An, F. and Anastopoulos, C. and Andari, N. and Andeen, T. and Anders, C. F. and Anders, J. K. and Andreazza, A. and Andrei, V. and Anelli, C. R. and Angelidakis, S. and Angerami, A. and Anisenkov, A. V. and Annovi, A. and Antel, C. and Anthony, M. T. and Antonelli, M. and Antrim, D. J. A. and Anulli, F. and Aoki, M. and Aparisi Pozo, J. A. and Aperio Bella, L. and Arabidze, G. and Araque, J. P. and Araujo Ferraz, V. and Araujo Pereira, R. and Arcangeletti, C. and Arce, A. T. H. and Arduh, F. A. and Arguin, J-F. and Argyropoulos, S. and Arling, J.-H. and Armbruster, A. J. and Armitage, L. J. and Armstrong, A. and Arnaez, O. and Arnold, H. and Artamonov, A. and Artoni, G. and Artz, S. and Asai, S. and Asbah, N. and Asimakopoulou, E. M. and Asquith, L. and Assamagan, K. and Astalos, R. and Atkin, R. J. and Atkinson, M. and Atlay, N. B. and Atmani, H. and Augsten, K. and Avolio, G. and Avramidou, R. and Ayoub, M. K. and Azoulay, A. M. and Azuelos, G. and Baca, M. J. and Bachacou, H. and Bachas, K. and Backes, M. and Backman, F. and Bagnaia, P. and Bahmani, M. and Bahrasemani, H. and Bailey, A. J. and Bailey, V. R. and Baines, J. T. and Bajic, M. and Bakalis, C. and Baker, O. K. and Bakker, P. J. and Bakshi Gupta, D. and Balaji, S. and Baldin, E. M. and Balek, P. and Balli, F. and Balunas, W. K. and Balz, J. and Banas, E. and Bandyopadhyay, A. and Banerjee, Sw. and Bannoura, A. A. E. and Barak, L. and Barbe, W. M. and Barberio, E. L. and Barberis, D. and Barbero, M. and Barillari, T. and Barisits, M-S. and Barkeloo, J. and Barklow, T. and Barnea, R. and Barnes, S. L. and Barnett, B. M. and Barnett, R. M. and Barnovska-Blenessy, Z. and Baroncelli, A. and Barone, G. and Barr, A. J. and Barranco Navarro, L. and Barreiro, F. and Barreiro Guimar\~aes da Costa, J. and Barsov, S. and Bartoldus, R. and Bartolini, G. and Barton, A. E. and Bartos, P. and Basalaev, A. and Bassalat, A. and Bates, R. L. and Batista, S. J. and Batlamous, S. and Batley, J. R. and Batool, B. and Battaglia, M. and Bauce, M. and Bauer, F. and Bauer, K. T. and Bawa, H. S. and Beacham, J. B. and Beau, T. and Beauchemin, P. H. and Becherer, F. and Bechtle, P. and Beck, H. C. and Beck, H. P. and Becker, K. and Becker, M. and Becot, C. and Beddall, A. and Beddall, A. J. and Bednyakov, V. A. and Bedognetti, M. and Bee, C. P. and Beermann, T. A. and Begalli, M. and Begel, M. and Behera, A. and Behr, J. K. and Beisiegel, F. and Bell, A. S. and Bella, G. and Bellagamba, L. and Bellerive, A. and Bellos, P. and Beloborodov, K. and Belotskiy, K. and Belyaev, N. L. and Benchekroun, D. and Benekos, N. and Benhammou, Y. and Benjamin, D. P. and Benoit, M. and Bensinger, J. R. and Bentvelsen, S. and Beresford, L. and Beretta, M. and Berge, D. and Bergeaas Kuutmann, E. and Berger, N. and Bergmann, B. and Bergsten, L. J. and Beringer, J. and Berlendis, S. and Bernard, N. R. and Bernardi, G. and Bernius, C. and Berry, T. and Berta, P. and Bertella, C. and Bertram, I. A. and Besjes, G. J. and Bessidskaia Bylund, O. and Besson, N. and Bethani, A. and Bethke, S. and Betti, A. and Bevan, A. J. and Beyer, J. and Bi, R. and Bianchi, R. M. and Biebel, O. and Biedermann, D. and Bielski, R. and Bierwagen, K. and Biesuz, N. V. and Biglietti, M. and Billoud, T. R. V. and Bindi, M. and Bingul, A. and Bini, C. and Biondi, S. and Birman, M. and Bisanz, T. and Biswal, J. P. and Bitadze, A. and Bittrich, C. and Bj\o{}rke, K. and Black, K. M. and Blazek, T. and Bloch, I. and Blocker, C. and Blue, A. and Blumenschein, U. and Bobbink, G. J. and Bobrovnikov, V. S. and Bocchetta, S. S. and Bocci, A. and Boerner, D. and Bogavac, D. and Bogdanchikov, A. G. and Bohm, C. and Boisvert, V. and Bokan, P. and Bold, T. and Boldyrev, A. S. and Bolz, A. E. and Bomben, M. and Bona, M. and Bonilla, J. S. and Boonekamp, M. and Borecka-Bielska, H. M. and Borisov, A. and Borissov, G. and Bortfeldt, J. and Bortoletto, D. and Bortolotto, V. and Boscherini, D. and Bosman, M. and Bossio Sola, J. D. and Bouaouda, K. and Boudreau, J. and Bouhova-Thacker, E. V. and Boumediene, D. and Boutle, S. K. and Boveia, A. and Boyd, J. and Boye, D. and Boyko, I. R. and Bozson, A. J. and Bracinik, J. and Brahimi, N. and Brandt, G. and Brandt, O. and Braren, F. and Brau, B. and Brau, J. E. and Breaden Madden, W. D. and Brendlinger, K. and Brenner, L. and Brenner, R. and Bressler, S. and Brickwedde, B. and Briglin, D. L. and Britton, D. and Britzger, D. and Brock, I. and Brock, R. and Brooijmans, G. and Brooks, W. K. and Brost, E. and Broughton, J. H. and Bruckman de Renstrom, P. A. and Bruncko, D. and Bruni, A. and Bruni, G. and Bruni, L. S. and Bruno, S. and Brunt, B. H. and Bruschi, M. and Bruscino, N. and Bryant, P. and Bryngemark, L. and Buanes, T. and Buat, Q. and Buchholz, P. and Buckley, A. G. and Budagov, I. A. and Bugge, M. K. and B\"uhrer, F. and Bulekov, O. and Burch, T. J. and Burdin, S. and Burgard, C. D. and Burger, A. M. and Burghgrave, B. and Burr, J. T. P. and Burzynski, J. C. and B\"uscher, V. and Buschmann, E. and Bussey, P. J. and Butler, J. M. and Buttar, C. M. and Butterworth, J. M. and Butti, P. and Buttinger, W. and Buzatu, A. and Buzykaev, A. R. and Cabras, G. and Cabrera Urb\'an, S. and Caforio, D. and Cai, H. and Cairo, V. M. M. and Cakir, O. and Calace, N. and Calafiura, P. and Calandri, A. and Calderini, G. and Calfayan, P. and Callea, G. and Caloba, L. P. and Calvente Lopez, S. and Calvet, D. and Calvet, S. and Calvet, T. P. and Calvetti, M. and Camacho Toro, R. and Camarda, S. and Camarero Munoz, D. and Camarri, P. and Cameron, D. and Caminal Armadans, R. and Camincher, C. and Campana, S. and Campanelli, M. and Camplani, A. and Campoverde, A. and Canale, V. and Canesse, A. and Cano Bret, M. and Cantero, J. and Cao, T. and Cao, Y. and Capeans Garrido, M. D. M. and Capua, M. and Cardarelli, R. and Cardillo, F. and Carducci, G. and Carli, I. and Carli, T. and Carlino, G. and Carlson, B. T. and Carminati, L. and Carney, R. M. D. and Caron, S. and Carquin, E. and Carr\'a, S. and Carter, J. W. S. and Casado, M. P. and Casha, A. F. and Casper, D. W. and Castelijn, R. and Castillo, F. L. and Castillo Gimenez, V. and Castro, N. F. and Catinaccio, A. and Catmore, J. R. and Cattai, A. and Caudron, J. and Cavaliere, V. and Cavallaro, E. and Cavalli-Sforza, M. and Cavasinni, V. and Celebi, E. and Ceradini, F. and Cerda Alberich, L. and Cerny, K. and Cerqueira, A. S. and Cerri, A. and Cerrito, L. and Cerutti, F. and Cervelli, A. and Cetin, S. A. and Chakraborty, D. and Chan, S. K. and Chan, W. S. and Chan, W. Y. and Chapman, J. D. and Chargeishvili, B. and Charlton, D. G. and Charman, T. P. and Chau, C. C. and Che, S. and Chegwidden, A. and Chekanov, S. and Chekulaev, S. V. and Chelkov, G. A. and Chelstowska, M. A. and Chen, B. and Chen, C. and Chen, C. H. and Chen, H. and Chen, J. and Chen, J. and Chen, S. and Chen, S. J. and Chen, X. and Chen, Y. and Chen, Y-H. and Cheng, H. C. and Cheng, H. J. and Cheplakov, A. and Cheremushkina, E. and Cherkaoui El Moursli, R. and Cheu, E. and Cheung, K. and Cheval\'erias, T. J. A. and Chevalier, L. and Chiarella, V. and Chiarelli, G. and Chiodini, G. and Chisholm, A. S. and Chitan, A. and Chiu, I. and Chiu, Y. H. and Chizhov, M. V. and Choi, K. and Chomont, A. R. and Chouridou, S. and Chow, Y. S. and Chu, M. C. and Chu, X. and Chudoba, J. and Chuinard, A. J. and Chwastowski, J. J. and Chytka, L. and Ciesla, K. M. and Cinca, D. and Cindro, V. and Cioar\ifmmode \u{a}\else \u{a}\fi{}, I. A. and Ciocio, A. and Cirotto, F. and Citron, Z. H. and Citterio, M. and Ciubotaru, D. A. and Ciungu, B. M. and Clark, A. and Clark, M. R. and Clark, P. J. and Clement, C. and Coadou, Y. and Cobal, M. and Coccaro, A. and Cochran, J. and Cohen, H. and Coimbra, A. E. C. and Colasurdo, L. and Cole, B. and Colijn, A. P. and Collot, J. and Conde Mui\~no, P. and Coniavitis, E. and Connell, S. H. and Connelly, I. A. and Constantinescu, S. and Conventi, F. and Cooper-Sarkar, A. M. and Cormier, F. and Cormier, K. J. R. and Corpe, L. D. and Corradi, M. and Corrigan, E. E. and Corriveau, F. and Cortes-Gonzalez, A. and Costa, M. J. and Costanza, F. and Costanzo, D. and Cowan, G. and Cowley, J. W. and Crane, J. and Cranmer, K. and Crawley, S. J. and Creager, R. A. and Cr\'ep\'e-Renaudin, S. and Crescioli, F. and Cristinziani, M. and Croft, V. and Crosetti, G. and Cueto, A. and Cuhadar Donszelmann, T. and Cukierman, A. R. and Czekierda, S. and Czodrowski, P. and Da Cunha Sargedas De Sousa, M. J. and Da Fonseca Pinto, J. V. and Da Via, C. and Dabrowski, W. and Dado, T. and Dahbi, S. and Dai, T. and Dallapiccola, C. and Dam, M. and D'amen, G. and D'Amico, V. and Damp, J. and Dandoy, J. R. and Daneri, M. F. and Dang, N. P. and Dann, N. S. and Danninger, M. and Dao, V. and Darbo, G. and Dartsi, O. and Dattagupta, A. and Daubney, T. and D'Auria, S. and Davey, W. and David, C. and Davidek, T. and Davis, D. R. and Dawson, I. and De, K. and De Asmundis, R. and De Beurs, M. and De Castro, S. and De Cecco, S. and De Groot, N. and de Jong, P. and De la Torre, H. and De Maria, A. and De Pedis, D. and De Salvo, A. and De Sanctis, U. and De Santis, M. and De Santo, A. and De Vasconcelos Corga, K. and De Vivie De Regie, J. B. and Debenedetti, C. and Dedovich, D. V. and Deiana, A. M. and Del Gaudio, M. and Del Peso, J. and Delabat Diaz, Y. and Delgove, D. and Deliot, F. and Delitzsch, C. M. and Della Pietra, M. and Della Volpe, D. and Dell'Acqua, A. and Dell'Asta, L. and Delmastro, M. and Delporte, C. and Delsart, P. A. and DeMarco, D. A. and Demers, S. and Demichev, M. and Demontigny, G. and Denisov, S. P. and Denysiuk, D. and D'Eramo, L. and Derendarz, D. and Derkaoui, J. E. and Derue, F. and Dervan, P. and Desch, K. and Deterre, C. and Dette, K. and Deutsch, C. and Devesa, M. R. and Deviveiros, P. O. and Dewhurst, A. and Dhaliwal, S. and Di Bello, F. A. and Di Ciaccio, A. and Di Ciaccio, L. and Di Clemente, W. K. and Di Donato, C. and Di Girolamo, A. and Di Gregorio, G. and Di Micco, B. and Di Nardo, R. and Di Petrillo, K. F. and Di Sipio, R. and Di Valentino, D. and Diaconu, C. and Dias, F. A. and Dias Do Vale, T. and Diaz, M. A. and Dickinson, J. and Diehl, E. B. and Dietrich, J. and D\'{\i}ez Cornell, S. and Dimitrievska, A. and Ding, W. and Dingfelder, J. and Dittus, F. and Djama, F. and Djobava, T. and Djuvsland, J. I. and Do Vale, M. A. B. and Dobre, M. and Dodsworth, D. and Doglioni, C. and Dolejsi, J. and Dolezal, Z. and Donadelli, M. and Dong, B. and Donini, J. and D'onofrio, A. and D'Onofrio, M. and Dopke, J. and Doria, A. and Dova, M. T. and Doyle, A. T. and Drechsler, E. and Dreyer, E. and Dreyer, T. and Drobac, A. S. and Duan, Y. and Dubinin, F. and Dubovsky, M. and Dubreuil, A. and Duchovni, E. and Duckeck, G. and Ducourthial, A. and Ducu, O. A. and Duda, D. and Dudarev, A. and Dudder, A. C. and Duffield, E. M. and Duflot, L. and D\"uhrssen, M. and D\"ulsen, C. and Dumancic, M. and Dumitriu, A. E. and Duncan, A. K. and Dunford, M. and Duperrin, A. and Duran Yildiz, H. and D\"uren, M. and Durglishvili, A. and Duschinger, D. and Dutta, B. and Duvnjak, D. and Dyckes, G. I. and Dyndal, M. and Dysch, S. and Dziedzic, B. S. and Ecker, K. M. and Edgar, R. C. and Eifert, T. and Eigen, G. and Einsweiler, K. and Ekelof, T. and El Jarrari, H. and El Kacimi, M. and El Kosseifi, R. and Ellajosyula, V. and Ellert, M. and Ellinghaus, F. and Elliot, A. A. and Ellis, N. and Elmsheuser, J. and Elsing, M. and Emeliyanov, D. and Emerman, A. and Enari, Y. and Ennis, J. S. and Epland, M. B. and Erdmann, J. and Ereditato, A. and Errenst, M. and Escalier, M. and Escobar, C. and Estrada Pastor, O. and Etzion, E. and Evans, H. and Ezhilov, A. and Fabbri, F. and Fabbri, L. and Fabiani, V. and Facini, G. and Faisca Rodrigues Pereira, R. M. and Fakhrutdinov, R. M. and Falciano, S. and Falke, P. J. and Falke, S. and Faltova, J. and Fang, Y. and Fang, Y. and Fanourakis, G. and Fanti, M. and Farbin, A. and Farilla, A. and Farina, E. M. and Farooque, T. and Farrell, S. and Farrington, S. M. and Farthouat, P. and Fassi, F. and Fassnacht, P. and Fassouliotis, D. and Faucci Giannelli, M. and Fawcett, W. J. and Fayard, L. and Fedin, O. L. and Fedorko, W. and Feickert, M. and Feigl, S. and Feligioni, L. and Fell, A. and Feng, C. and Feng, E. J. and Feng, M. and Fenton, M. J. and Fenyuk, A. B. and Ferrando, J. and Ferrante, A. and Ferrari, A. and Ferrari, P. and Ferrari, R. and Ferreira de Lima, D. E. and Ferrer, A. and Ferrere, D. and Ferretti, C. and Fiedler, F. and Filip\ifmmode \check{c}\else \v{c}\fi{}i\ifmmode \check{c}\else \v{c}\fi{}, A. and Filthaut, F. and Finelli, K. D. and Fiolhais, M. C. N. and Fiorini, L. and Fischer, F. and Fisher, W. C. and Fleck, I. and Fleischmann, P. and Fletcher, R. R. M. and Flick, T. and Flierl, B. M. and Flores, L. and Flores Castillo, L. R. and Follega, F. M. and Fomin, N. and Foo, J. H. and Forcolin, G. T. and Formica, A. and F\"orster, F. A. and Forti, A. C. and Foster, A. G. and Foti, M. G. and Fournier, D. and Fox, H. and Francavilla, P. and Francescato, S. and Franchini, M. and Franchino, S. and Francis, D. and Franconi, L. and Franklin, M. and Fray, A. N. and Freund, B. and Freund, W. S. and Freundlich, E. M. and Frizzell, D. C. and Froidevaux, D. and Frost, J. A. and Fukunaga, C. and Fullana Torregrosa, E. and Fumagalli, E. and Fusayasu, T. and Fuster, J. and Gabrielli, A. and Gabrielli, A. and Gach, G. P. and Gadatsch, S. and Gadow, P. and Gagliardi, G. and Gagnon, L. G. and Galea, C. and Galhardo, B. and Gallardo, G. E. and Gallas, E. J. and Gallop, B. J. and Gallus, P. and Galster, G. and Gamboa Goni, R. and Gan, K. K. and Ganguly, S. and Gao, J. and Gao, Y. and Gao, Y. S. and Garc\'{\i}a, C. and Garc\'{\i}a Navarro, J. E. and Garc\'{\i}a Pascual, J. A. and Garcia-Argos, C. and Garcia-Sciveres, M. and Gardner, R. W. and Garelli, N. and Gargiulo, S. and Garonne, V. and Gaudiello, A. and Gaudio, G. and Gavrilenko, I. L. and Gavrilyuk, A. and Gay, C. and Gaycken, G. and Gazis, E. N. and Geanta, A. A. and Gee, C. N. P. and Geisen, J. and Geisen, M. and Geisler, M. P. and Gemme, C. and Genest, M. H. and Geng, C. and Gentile, S. and George, S. and Geralis, T. and Gerlach, L. O. and Gessinger-Befurt, P. and Gessner, G. and Ghasemi, S. and Ghasemi Bostanabad, M. and Ghosh, A. and Ghosh, A. and Giacobbe, B. and Giagu, S. and Giangiacomi, N. and Giannetti, P. and Giannini, A. and Gibson, S. M. and Gignac, M. and Gillberg, D. and Gilles, G. and Gingrich, D. M. and Giordani, M. P. and Giorgi, F. M. and Giraud, P. F. and Giugliarelli, G. and Giugni, D. and Giuli, F. and Gkaitatzis, S. and Gkialas, I. and Gkougkousis, E. L. and Gkountoumis, P. and Gladilin, L. K. and Glasman, C. and Glatzer, J. and Glaysher, P. C. F. and Glazov, A. and Goblirsch-Kolb, M. and Goldfarb, S. and Golling, T. and Golubkov, D. and Gomes, A. and Goncalves Gama, R. and Gon\ifmmode \mbox{\c{c}}\else \c{c}\fi{}alo, R. and Gonella, G. and Gonella, L. and Gongadze, A. and Gonnella, F. and Gonski, J. L. and Gonz\'alez de la Hoz, S. and Gonzalez-Sevilla, S. and Gonzalvo Rodriguez, G. R. and Goossens, L. and Gorbounov, P. A. and Gordon, H. A. and Gorini, B. and Gorini, E. and Gori\ifmmode \check{s}\else \v{s}\fi{}ek, A. and Goshaw, A. T. and Gostkin, M. I. and Gottardo, C. A. and Gouighri, M. and Goujdami, D. and Goussiou, A. G. and Govender, N. and Goy, C. and Gozani, E. and Grabowska-Bold, I. and Graham, E. C. and Gramling, J. and Gramstad, E. and Grancagnolo, S. and Grandi, M. and Gratchev, V. and Gravila, P. M. and Gravili, F. G. and Gray, C. and Gray, H. M. and Grefe, C. and Gregersen, K. and Gregor, I. M. and Grenier, P. and Grevtsov, K. and Grieco, C. and Grieser, N. A. and Griffiths, J. and Grillo, A. A. and Grimm, K. and Grinstein, S. and Grivaz, J.-F. and Groh, S. and Gross, E. and Grosse-Knetter, J. and Grout, Z. J. and Grud, C. and Grummer, A. and Guan, L. and Guan, W. and Guenther, J. and Guerguichon, A. and Guerrero Rojas, J. G. R. and Guescini, F. and Guest, D. and Gugel, R. and Guillemin, T. and Guindon, S. and Gul, U. and Guo, J. and Guo, W. and Guo, Y. and Guo, Z. and Gupta, R. and Gurbuz, S. and Gustavino, G. and Gutierrez, P. and Gutschow, C. and Guyot, C. and Guzik, M. P. and Gwenlan, C. and Gwilliam, C. B. and Haas, A. and Haber, C. and Hadavand, H. K. and Haddad, N. and Hadef, A. and Hageb\"ock, S. and Hagihara, M. and Haleem, M. and Haley, J. and Halladjian, G. and Hallewell, G. D. and Hamacher, K. and Hamal, P. and Hamano, K. and Hamdaoui, H. and Hamity, G. N. and Han, K. and Han, L. and Han, S. and Hanagaki, K. and Hance, M. and Handl, D. M. and Haney, B. and Hankache, R. and Hansen, E. and Hansen, J. B. and Hansen, J. D. and Hansen, M. C. and Hansen, P. H. and Hanson, E. C. and Hara, K. and Hard, A. S. and Harenberg, T. and Harkusha, S. and Harrison, P. F. and Hartmann, N. M. and Hasegawa, Y. and Hasib, A. and Hassani, S. and Haug, S. and Hauser, R. and Havener, L. B. and Havranek, M. and Hawkes, C. M. and Hawkings, R. J. and Hayden, D. and Hayes, C. and Hayes, R. L. and Hays, C. P. and Hays, J. M. and Hayward, H. S. and Haywood, S. J. and He, F. and Heath, M. P. and Hedberg, V. and Heelan, L. and Heer, S. and Heidegger, K. K. and Heidorn, W. D. and Heilman, J. and Heim, S. and Heim, T. and Heinemann, B. and Heinrich, J. J. and Heinrich, L. and Heinz, C. and Hejbal, J. and Helary, L. and Held, A. and Hellesund, S. and Helling, C. M. and Hellman, S. and Helsens, C. and Henderson, R. C. W. and Heng, Y. and Henkelmann, S. and Henriques Correia, A. M. and Herbert, G. H. and Herde, H. and Herget, V. and Hern\'andez Jim\'enez, Y. and Herr, H. and Herrmann, M. G. and Herrmann, T. and Herten, G. and Hertenberger, R. and Hervas, L. and Herwig, T. C. and Hesketh, G. G. and Hessey, N. P. and Higashida, A. and Higashino, S. and Hig\'on-Rodriguez, E. and Hildebrand, K. and Hill, E. and Hill, J. C. and Hill, K. K. and Hiller, K. H. and Hillier, S. J. and Hils, M. and Hinchliffe, I. and Hinterkeuser, F. and Hirose, M. and Hirose, S. and Hirschbuehl, D. and Hiti, B. and Hladik, O. and Hlaluku, D. R. and Hoad, X. and Hobbs, J. and Hod, N. and Hodgkinson, M. C. and Hoecker, A. and Hoenig, F. and Hohn, D. and Hohov, D. and Holmes, T. R. and Holzbock, M. and Hommels, L. B. A. H and Honda, S. and Honda, T. and Hong, T. M. and H\"onle, A. and Hooberman, B. H. and Hopkins, W. H. and Horii, Y. and Horn, P. and Horyn, L. A. and Hostachy, J-Y. and Hostiuc, A. and Hou, S. and Hoummada, A. and Howarth, J. and Hoya, J. and Hrabovsky, M. and Hrdinka, J. and Hristova, I. and Hrivnac, J. and Hrynevich, A. and Hryn'ova, T. and Hsu, P. J. and Hsu, S.-C. and Hu, Q. and Hu, S. and Huang, Y. and Hubacek, Z. and Hubaut, F. and Huebner, M. and Huegging, F. and Huffman, T. B. and Huhtinen, M. and Hunter, R. F. H. and Huo, P. and Hupe, A. M. and Huseynov, N. and Huston, J. and Huth, J. and Hyneman, R. and Hyrych, S. and Iacobucci, G. and Iakovidis, G. and Ibragimov, I. and Iconomidou-Fayard, L. and Idrissi, Z. and Iengo, P. and Ignazzi, R. and Igonkina, O. and Iguchi, R. and Iizawa, T. and Ikegami, Y. and Ikeno, M. and Iliadis, D. and Ilic, N. and Iltzsche, F. and Introzzi, G. and Iodice, M. and Iordanidou, K. and Ippolito, V. and Isacson, M. F. and Ishino, M. and Ishitsuka, M. and Islam, W. and Issever, C. and Istin, S. and Ito, F. and Iturbe Ponce, J. M. and Iuppa, R. and Ivina, A. and Iwasaki, H. and Izen, J. M. and Izzo, V. and Jacka, P. and Jackson, P. and Jacobs, R. M. and Jaeger, B. P. and Jain, V. and J\"akel, G. and Jakobi, K. B. and Jakobs, K. and Jakobsen, S. and Jakoubek, T. and Jamieson, J. and Janas, K. W. and Jansky, R. and Janssen, J. and Janus, M. and Janus, P. A. and Jarlskog, G. and Javadov, N. and Jav\ifmmode \mathring{u}\else \r{u}\fi{}rek, T. and Javurkova, M. and Jeanneau, F. and Jeanty, L. and Jejelava, J. and Jelinskas, A. and Jenni, P. and Jeong, J. and Jeong, N. and J\'ez\'equel, S. and Ji, H. and Jia, J. and Jiang, H. and Jiang, Y. and Jiang, Z. and Jiggins, S. and Jimenez Morales, F. A. and Jimenez Pena, J. and Jin, S. and Jinaru, A. and Jinnouchi, O. and Jivan, H. and Johansson, P. and Johns, K. A. and Johnson, C. A. and Jon-And, K. and Jones, R. W. L. and Jones, S. D. and Jones, S. and Jones, T. J. and Jongmanns, J. and Jorge, P. M. and Jovicevic, J. and Ju, X. and Junggeburth, J. J. and Juste Rozas, A. and Kaczmarska, A. and Kado, M. and Kagan, H. and Kagan, M. and Kahra, C. and Kaji, T. and Kajomovitz, E. and Kalderon, C. W. and Kaluza, A. and Kamenshchikov, A. and Kanjir, L. and Kano, Y. and Kantserov, V. A. and Kanzaki, J. and Kaplan, L. S. and Kar, D. and Kareem, M. J. and Karentzos, E. and Karpov, S. N. and Karpova, Z. M. and Kartvelishvili, V. and Karyukhin, A. N. and Kashif, L. and Kass, R. D. and Kastanas, A. and Kataoka, Y. and Kato, C. and Katzy, J. and Kawade, K. and Kawagoe, K. and Kawaguchi, T. and Kawamoto, T. and Kawamura, G. and Kay, E. F. and Kazanin, V. F. and Keeler, R. and Kehoe, R. and Keller, J. S. and Kellermann, E. and Kelsey, D. and Kempster, J. J. and Kendrick, J. and Kepka, O. and Kersten, S. and Ker\ifmmode \check{s}\else \v{s}\fi{}evan, B. P. and Ketabchi Haghighat, S. and Khader, M. and Khalil-Zada, F. and Khandoga, M. and Khanov, A. and Kharlamov, A. G. and Kharlamova, T. and Khoda, E. E. and Khodinov, A. and Khoo, T. J. and Khramov, E. and Khubua, J. and Kido, S. and Kiehn, M. and Kilby, C. R. and Kim, Y. K. and Kimura, N. and Kind, O. M. and King, B. T. and Kirchmeier, D. and Kirk, J. and Kiryunin, A. E. and Kishimoto, T. and Kisliuk, D. P. and Kitali, V. and Kivernyk, O. and Kladiva, E. and Klapdor-Kleingrothaus, T. and Klassen, M. and Klein, M. H. and Klein, M. and Klein, U. and Kleinknecht, K. and Klimek, P. and Klimentov, A. and Klingl, T. and Klioutchnikova, T. and Klitzner, F. F. and Kluit, P. and Kluth, S. and Kneringer, E. and Knoops, E. B. F. G. and Knue, A. and Kobayashi, D. and Kobayashi, T. and Kobel, M. and Kocian, M. and Kodys, P. and Koenig, P. T. and Koffas, T. and K\"ohler, N. M. and Koi, T. and Kolb, M. and Koletsou, I. and Komarek, T. and Kondo, T. and Kondrashova, N. and K\"oneke, K. and K\"onig, A. C. and Kono, T. and Konoplich, R. and Konstantinides, V. and Konstantinidis, N. and Konya, B. and Kopeliansky, R. and Koperny, S. and Korcyl, K. and Kordas, K. and Koren, G. and Korn, A. and Korolkov, I. and Korolkova, E. V. and Korotkova, N. and Kortner, O. and Kortner, S. and Kosek, T. and Kostyukhin, V. V. and Kotwal, A. and Koulouris, A. and Kourkoumeli-Charalampidi, A. and Kourkoumelis, C. and Kourlitis, E. and Kouskoura, V. and Kowalewska, A. B. and Kowalewski, R. and Kozakai, C. and Kozanecki, W. and Kozhin, A. S. and Kramarenko, V. A. and Kramberger, G. and Krasnopevtsev, D. and Krasny, M. W. and Krasznahorkay, A. and Krauss, D. and Kremer, J. A. and Kretzschmar, J. and Krieger, P. and Krieter, F. and Krishnan, A. and Krizka, K. and Kroeninger, K. and Kroha, H. and Kroll, J. and Kroll, J. and Krstic, J. and Kruchonak, U. and Kr\"uger, H. and Krumnack, N. and Kruse, M. C. and Krzysiak, J. A. and Kubota, T. and Kuchinskaia, O. and Kuday, S. and Kuechler, J. T. and Kuehn, S. and Kugel, A. and Kuhl, T. and Kukhtin, V. and Kukla, R. and Kulchitsky, Y. and Kuleshov, S. and Kulinich, Y. P. and Kuna, M. and Kunigo, T. and Kupco, A. and Kupfer, T. and Kuprash, O. and Kurashige, H. and Kurchaninov, L. L. and Kurochkin, Y. A. and Kurova, A. and Kurth, M. G. and Kuwertz, E. S. and Kuze, M. and Kvam, A. K. and Kvita, J. and Kwan, T. and La Rosa, A. and La Rotonda, L. and La Ruffa, F. and Lacasta, C. and Lacava, F. and Lack, D. P. J. and Lacker, H. and Lacour, D. and Ladygin, E. and Lafaye, R. and Laforge, B. and Lagouri, T. and Lai, S. and Lammers, S. and Lampl, W. and Lampoudis, C. and Lan\ifmmode \mbox{\c{c}}\else \c{c}\fi{}on, E. and Landgraf, U. and Landon, M. P. J. and Lanfermann, M. C. and Lang, V. S. and Lange, J. C. and Langenberg, R. J. and Lankford, A. J. and Lanni, F. and Lantzsch, K. and Lanza, A. and Lapertosa, A. and Laplace, S. and Laporte, J. F. and Lari, T. and Lasagni Manghi, F. and Lassnig, M. and Lau, T. S. and Laudrain, A. and Laurier, A. and Lavorgna, M. and Lazzaroni, M. and Le, B. and Le Guirriec, E. and LeBlanc, M. and LeCompte, T. and Ledroit-Guillon, F. and Lee, C. A. and Lee, G. R. and Lee, L. and Lee, S. C. and Lee, S. J. and Lefebvre, B. and Lefebvre, M. and Legger, F. and Leggett, C. and Lehmann, K. and Lehmann, N. and Lehmann Miotto, G. and Leight, W. A. and Leisos, A. and Leite, M. A. L. and Leitgeb, C. E. and Leitner, R. and Lellouch, D. and Leney, K. J. C. and Lenz, T. and Lenzi, B. and Leone, R. and Leone, S. and Leonidopoulos, C. and Leopold, A. and Lerner, G. and Leroy, C. and Les, R. and Lester, C. G. and Levchenko, M. and Lev\^eque, J. and Levin, D. and Levinson, L. J. and Lewis, D. J. and Li, B. and Li, B. and Li, C-Q. and Li, F. and Li, H. and Li, H. and Li, J. and Li, K. and Li, L. and Li, M. and Li, Q. and Li, Q. Y. and Li, S. and Li, X. and Li, Y. and Li, Z. and Liang, Z. and Liberti, B. and Liblong, A. and Lie, K. and Liem, S. and Lin, C. Y. and Lin, K. and Lin, T. H. and Linck, R. A. and Lindon, J. H. and Lionti, A. L. and Lipeles, E. and Lipniacka, A. and Lisovyi, M. and Liss, T. M. and Lister, A. and Litke, A. M. and Little, J. D. and Liu, B. and Liu, B. L and Liu, H. B. and Liu, H. and Liu, J. B. and Liu, J. K. K. and Liu, K. and Liu, M. and Liu, P. and Liu, Y. and Liu, Y. L. and Liu, Y. W. and Livan, M. and Lleres, A. and Llorente Merino, J. and Lloyd, S. L. and Lo, C. Y. and Lo Sterzo, F. and Lobodzinska, E. M. and Loch, P. and Loffredo, S. and Lohse, T. and Lohwasser, K. and Lokajicek, M. and Long, J. D. and Long, R. E. and Longo, L. and Looper, K. A. and Lopez, J. A. and Lopez Paz, I. and Lopez Solis, A. and Lorenz, J. and Lorenzo Martinez, N. and Losada, M. and L\"osel, P. J. and L\"osle, A. and Lou, X. and Lou, X. and Lounis, A. and Love, J. and Love, P. A. and Lozano Bahilo, J. J. and Lu, M. and Lu, Y. J. and Lubatti, H. J. and Luci, C. and Lucotte, A. and Luedtke, C. and Luehring, F. and Luise, I. and Luminari, L. and Lund-Jensen, B. and Lutz, M. S. and Lynn, D. and Lysak, R. and Lytken, E. and Lyu, F. and Lyubushkin, V. and Lyubushkina, T. and Ma, H. and Ma, L. L. and Ma, Y. and Maccarrone, G. and Macchiolo, A. and Macdonald, C. M. and Machado Miguens, J. and Madaffari, D. and Madar, R. and Mader, W. F. and Madysa, N. and Maeda, J. and Maekawa, K. and Maeland, S. and Maeno, T. and Maerker, M. and Maevskiy, A. S. and Magerl, V. and Magini, N. and Mahon, D. J. and Maidantchik, C. and Maier, T. and Maio, A. and Maj, K. and Majersky, O. and Majewski, S. and Makida, Y. and Makovec, N. and Malaescu, B. and Malecki, Pa. and Maleev, V. P. and Malek, F. and Mallik, U. and Malon, D. and Malone, C. and Maltezos, S. and Malyukov, S. and Mamuzic, J. and Mancini, G. and Mandi\ifmmode \acute{c}\else \'{c}\fi{}, I. and Manhaes de Andrade Filho, L. and Maniatis, I. M. and Manjarres Ramos, J. and Mankinen, K. H. and Mann, A. and Manousos, A. and Mansoulie, B. and Manthos, I. and Manzoni, S. and Marantis, A. and Marceca, G. and Marchese, L. and Marchiori, G. and Marcisovsky, M. and Marcon, C. and Marin Tobon, C. A. and Marjanovic, M. and Marshall, Z. and Martensson, M. U. F. and Marti-Garcia, S. and Martin, C. B. and Martin, T. A. and Martin, V. J. and Martin dit Latour, B. and Martinelli, L. and Martinez, M. and Martinez Outschoorn, V. I. and Martin-Haugh, S. and Martoiu, V. S. and Martyniuk, A. C. and Marzin, A. and Maschek, S. R. and Masetti, L. and Mashimo, T. and Mashinistov, R. and Masik, J. and Maslennikov, A. L. and Mason, L. H. and Massa, L. and Massarotti, P. and Mastrandrea, P. and Mastroberardino, A. and Masubuchi, T. and Matic, A. and M\"attig, P. and Maurer, J. and Ma\ifmmode \check{c}\else \v{c}\fi{}ek, B. and Maximov, D. A. and Mazini, R. and Maznas, I. and Mazza, S. M. and Mc Kee, S. P. and McCarthy, T. G. and McClymont, L. I. and McCormack, W. P. and McDonald, E. F. and Mcfayden, J. A. and McKay, M. A. and McLean, K. D. and McMahon, S. J. and McNamara, P. C. and McNicol, C. J. and McPherson, R. A. and Mdhluli, J. E. and Meadows, Z. A. and Meehan, S. and Megy, T. and Mehlhase, S. and Mehta, A. and Meideck, T. and Meirose, B. and Melini, D. and Mellado Garcia, B. R. and Mellenthin, J. D. and Melo, M. and Meloni, F. and Melzer, A. and Menary, S. B. and Mendes Gouveia, E. D. and Meng, L. and Meng, X. T. and Menke, S. and Meoni, E. and Mergelmeyer, S. and Merkt, S. A. M. and Merlassino, C. and Mermod, P. and Merola, L. and Meroni, C. and Meshkov, O. and Meshreki, J. K. R. and Messina, A. and Metcalfe, J. and Mete, A. S. and Meyer, C. and Meyer, J. and Meyer, J-P. and Meyer Zu Theenhausen, H. and Miano, F. and Michetti, M. and Middleton, R. P. and Mijovi\ifmmode \acute{c}\else \'{c}\fi{}, L. and Mikenberg, G. and Mikestikova, M. and Miku\ifmmode \check{z}\else \v{z}\fi{}, M. and Mildner, H. and Milesi, M. and Milic, A. and Millar, D. A. and Miller, D. W. and Milov, A. and Milstead, D. A. and Mina, R. A. and Minaenko, A. A. and Mi\~nano Moya, M. and Minashvili, I. A. and Mincer, A. I. and Mindur, B. and Mineev, M. and Minegishi, Y. and Ming, Y. and Mir, L. M. and Mirto, A. and Mistry, K. P. and Mitani, T. and Mitrevski, J. and Mitsou, V. A. and Mittal, M. and Miucci, A. and Miyagawa, P. S. and Mizukami, A. and Mj\"ornmark, J. U. and Mkrtchyan, T. and Mlynarikova, M. and Moa, T. and Mochizuki, K. and Mogg, P. and Mohapatra, S. and Moles-Valls, R. and Mondragon, M. C. and M\"onig, K. and Monk, J. and Monnier, E. and Montalbano, A. and Montejo Berlingen, J. and Montella, M. and Monticelli, F. and Monzani, S. and Morange, N. and Moreno, D. and Moreno Ll\'acer, M. and Moreno Martinez, C. and Morettini, P. and Morgenstern, M. and Morgenstern, S. and Mori, D. and Morii, M. and Morinaga, M. and Morisbak, V. and Morley, A. K. and Mornacchi, G. and Morris, A. P. and Morvaj, L. and Moschovakos, P. and Moser, B. and Mosidze, M. and Moskalets, T. and Moss, H. J. and Moss, J. and Motohashi, K. and Mountricha, E. and Moyse, E. J. W. and Muanza, S. and Mueller, J. and Mueller, R. S. P. and Muenstermann, D. and Mullier, G. A. and Munoz Martinez, J. L. and Munoz Sanchez, F. J. and Murin, P. and Murray, W. J. and Murrone, A. and Mu\ifmmode \check{s}\else \v{s}\fi{}kinja, M. and Mwewa, C. and Myagkov, A. G. and Myers, J. and Myska, M. and Nachman, B. P. and Nackenhorst, O. and Nag, A. Nag and Nagai, K. and Nagano, K. and Nagasaka, Y. and Nagel, M. and Nagy, E. and Nairz, A. M. and Nakahama, Y. and Nakamura, K. and Nakamura, T. and Nakano, I. and Nanjo, H. and Napolitano, F. and Naranjo Garcia, R. F. and Narayan, R. and Narrias Villar, D. I. and Naryshkin, I. and Naumann, T. and Navarro, G. and Neal, H. A. and Nechaeva, P. Y. and Nechansky, F. and Neep, T. J. and Negri, A. and Negrini, M. and Nellist, C. and Nelson, M. E. and Nemecek, S. and Nemethy, P. and Nessi, M. and Neubauer, M. S. and Neumann, M. and Newman, P. R. and Ng, Y. S. and Ng, Y. W. Y. and Nguyen, H. D. N. and Nguyen Manh, T. and Nibigira, E. and Nickerson, R. B. and Nicolaidou, R. and Nielsen, D. S. and Nielsen, J. and Nikiforou, N. and Nikolaenko, V. and Nikolic-Audit, I. and Nikolopoulos, K. and Nilsson, P. and Nindhito, H. R. and Ninomiya, Y. and Nisati, A. and Nishu, N. and Nisius, R. and Nitsche, I. and Nitta, T. and Nobe, T. and Noguchi, Y. and Nomidis, I. and Nomura, M. A. and Nordberg, M. and Norjoharuddeen, N. and Novak, T. and Novgorodova, O. and Novotny, R. and Nozka, L. and Ntekas, K. and Nurse, E. and Oakham, F. G. and Oberlack, H. and Ocariz, J. and Ochi, A. and Ochoa, I. and Ochoa-Ricoux, J. P. and O'Connor, K. and Oda, S. and Odaka, S. and Oerdek, S. and Ogrodnik, A. and Oh, A. and Oh, S. H. and Ohm, C. C. and Oide, H. and Ojeda, M. L. and Okawa, H. and Okazaki, Y. and Okumura, Y. and Okuyama, T. and Olariu, A. and Oleiro Seabra, L. F. and Olivares Pino, S. A. and Oliveira Damazio, D. and Oliver, J. L. and Olsson, M. J. R. and Olszewski, A. and Olszowska, J. and O'Neil, D. C. and Onofre, A. and Onogi, K. and Onyisi, P. U. E. and Oppen, H. and Oreglia, M. J. and Orellana, G. E. and Orestano, D. and Orlando, N. and Orr, R. S. and O'Shea, V. and Ospanov, R. and Otero y Garzon, G. and Otono, H. and Ouchrif, M. and Ouellette, J. and Ould-Saada, F. and Ouraou, A. and Ouyang, Q. and Owen, M. and Owen, R. E. and Ozcan, V. E. and Ozturk, N. and Pacalt, J. and Pacey, H. A. and Pachal, K. and Pacheco Pages, A. and Padilla Aranda, C. and Pagan Griso, S. and Paganini, M. and Palacino, G. and Palazzo, S. and Palestini, S. and Palka, M. and Pallin, D. and Panagoulias, I. and Pandini, C. E. and Panduro Vazquez, J. G. and Pani, P. and Panizzo, G. and Paolozzi, L. and Papadatos, C. and Papageorgiou, K. and Paramonov, A. and Paredes Hernandez, D. and Paredes Saenz, S. R. and Parida, B. and Park, T. H. and Parker, A. J. and Parker, M. A. and Parodi, F. and Parrish, E. W. and Parsons, J. A. and Parzefall, U. and Pascual Dominguez, L. and Pascuzzi, V. R. and Pasner, J. M. P. and Pasqualucci, E. and Passaggio, S. and Pastore, F. and Pasuwan, P. and Pataraia, S. and Pater, J. R. and Pathak, A. and Pauly, T. and Pearson, B. and Pedersen, M. and Pedraza Diaz, L. and Pedro, R. and Peiffer, T. and Peleganchuk, S. V. and Penc, O. and Peng, H. and Peralva, B. S. and Perego, M. M. and Pereira Peixoto, A. P. and Perepelitsa, D. V. and Peri, F. and Perini, L. and Pernegger, H. and Perrella, S. and Peters, K. and Peters, R. F. Y. and Petersen, B. A. and Petersen, T. C. and Petit, E. and Petridis, A. and Petridou, C. and Petroff, P. and Petrov, M. and Petrucci, F. and Pettee, M. and Pettersson, N. E. and Petukhova, K. and Peyaud, A. and Pezoa, R. and Pezzotti, L. and Pham, T. and Phillips, F. H. and Phillips, P. W. and Phipps, M. W. and Piacquadio, G. and Pianori, E. and Picazio, A. and Pickles, R. H. and Piegaia, R. and Pietreanu, D. and Pilcher, J. E. and Pilkington, A. D. and Pinamonti, M. and Pinfold, J. L. and Pitt, M. and Pizzimento, L. and Pleier, M.-A. and Pleskot, V. and Plotnikova, E. and Pluth, D. and Podberezko, P. and Poettgen, R. and Poggi, R. and Poggioli, L. and Pogrebnyak, I. and Pohl, D. and Pokharel, I. and Polesello, G. and Poley, A. and Policicchio, A. and Polifka, R. and Polini, A. and Pollard, C. S. and Polychronakos, V. and Ponomarenko, D. and Pontecorvo, L. and Popa, S. and Popeneciu, G. A. and Portillo Quintero, D. M. and Pospisil, S. and Potamianos, K. and Potrap, I. N. and Potter, C. J. and Potti, H. and Poulsen, T. and Poveda, J. and Powell, T. D. and Pownall, G. and Pozo Astigarraga, M. E. and Pralavorio, P. and Prell, S. and Price, D. and Primavera, M. and Prince, S. and Proffitt, M. L. and Proklova, N. and Prokofiev, K. and Prokoshin, F. and Protopopescu, S. and Proudfoot, J. and Przybycien, M. and Pudzha, D. and Puri, A. and Puzo, P. and Qian, J. and Qin, Y. and Quadt, A. and Queitsch-Maitland, M. and Qureshi, A. and Rados, P. and Ragusa, F. and Rahal, G. and Raine, J. A. and Rajagopalan, S. and Ramirez Morales, A. and Ran, K. and Rashid, T. and Raspopov, S. and Ratti, M. G. and Rauch, D. M. and Rauscher, F. and Rave, S. and Ravina, B. and Ravinovich, I. and Rawling, J. H. and Raymond, M. and Read, A. L. and Readioff, N. P. and Reale, M. and Rebuzzi, D. M. and Redelbach, A. and Redlinger, G. and Reeves, K. and Rehnisch, L. and Reichert, J. and Reikher, D. and Reiss, A. and Rej, A. and Rembser, C. and Renda, M. and Rescigno, M. and Resconi, S. and Resseguie, E. D. and Rettie, S. and Reynolds, E. and Rezanova, O. L. and Reznicek, P. and Ricci, E. and Richter, R. and Richter, S. and Richter-Was, E. and Ricken, O. and Ridel, M. and Rieck, P. and Riegel, C. J. and Rifki, O. and Rijssenbeek, M. and Rimoldi, A. and Rimoldi, M. and Rinaldi, L. and Ripellino, G. and Risti\ifmmode \acute{c}\else \'{c}\fi{}, B. and Ritsch, E. and Riu, I. and Rivera Vergara, J. C. and Rizatdinova, F. and Rizvi, E. and Rizzi, C. and Roberts, R. T. and Robertson, S. H. and Robin, M. and Robinson, D. and Robinson, J. E. M. and Robles Gajardo, C. M. and Robson, A. and Rocco, E. and Roda, C. and Rodriguez Bosca, S. and Rodriguez Perez, A. and Rodriguez Rodriguez, D. and Rodr\'{\i}guez Vera, A. M. and Roe, S. and R\o{}hne, O. and R\"ohrig, R. and Roland, C. P. A. and Roloff, J. and Romaniouk, A. and Romano, M. and Rompotis, N. and Ronzani, M. and Roos, L. and Rosati, S. and Rosbach, K. and Rosin, G. and Rosser, B. J. and Rossi, E. and Rossi, E. and Rossi, E. and Rossi, L. P. and Rossini, L. and Rosten, R. and Rotaru, M. and Rothberg, J. and Rousseau, D. and Rovelli, G. and Roy, A. and Roy, D. and Rozanov, A. and Rozen, Y. and Ruan, X. and Rubbo, F. and R\"uhr, F. and Ruiz-Martinez, A. and Rummler, A. and Rurikova, Z. and Rusakovich, N. A. and Russell, H. L. and Rustige, L. and Rutherfoord, J. P. and R\"uttinger, E. M. and Rybar, M. and Rybkin, G. and Ryzhov, A. and Rzehorz, G. F. and Sabatini, P. and Sabato, G. and Sacerdoti, S. and Sadrozinski, H. F-W. and Sadykov, R. and Safai Tehrani, F. and Safarzadeh Samani, B. and Saha, P. and Saha, S. and Sahinsoy, M. and Sahu, A. and Saimpert, M. and Saito, M. and Saito, T. and Sakamoto, H. and Sakharov, A. and Salamani, D. and Salamanna, G. and Salazar Loyola, J. E. and Sales De Bruin, P. H. and Salnikov, A. and Salt, J. and Salvatore, D. and Salvatore, F. and Salvucci, A. and Salzburger, A. and Samarati, J. and Sammel, D. and Sampsonidis, D. and Sampsonidou, D. and S\'anchez, J. and Sanchez Pineda, A. and Sandaker, H. and Sander, C. O. and Sanderswood, I. G. and Sandhoff, M. and Sandoval, C. and Sankey, D. P. C. and Sannino, M. and Sano, Y. and Sansoni, A. and Santoni, C. and Santos, H. and Santpur, S. N. and Santra, A. and Sapronov, A. and Saraiva, J. G. and Sasaki, O. and Sato, K. and Sauvan, E. and Savard, P. and Savic, N. and Sawada, R. and Sawyer, C. and Sawyer, L. and Sbarra, C. and Sbrizzi, A. and Scanlon, T. and Schaarschmidt, J. and Schacht, P. and Schachtner, B. M. and Schaefer, D. and Schaefer, L. and Schaeffer, J. and Schaepe, S. and Sch\"afer, U. and Schaffer, A. C. and Schaile, D. and Schamberger, R. D. and Scharmberg, N. and Schegelsky, V. A. and Scheirich, D. and Schenck, F. and Schernau, M. and Schiavi, C. and Schier, S. and Schildgen, L. K. and Schillaci, Z. M. and Schioppa, E. J. and Schioppa, M. and Schleicher, K. E. and Schlenker, S. and Schmidt-Sommerfeld, K. R. and Schmieden, K. and Schmitt, C. and Schmitt, S. and Schmitz, S. and Schmoeckel, J. C. and Schnoor, U. and Schoeffel, L. and Schoening, A. and Scholer, P. G. and Schopf, E. and Schott, M. and Schouwenberg, J. F. P. and Schovancova, J. and Schramm, S. and Schroeder, F. and Schulte, A. and Schultz-Coulon, H-C. and Schumacher, M. and Schumm, B. A. and Schune, Ph. and Schwartzman, A. and Schwarz, T. A. and Schwemling, Ph. and Schwienhorst, R. and Sciandra, A. and Sciolla, G. and Scodeggio, M. and Scornajenghi, M. and Scuri, F. and Scutti, F. and Scyboz, L. M. and Sebastiani, C. D. and Seema, P. and Seidel, S. C. and Seiden, A. and Seiss, T. and Seixas, J. M. and Sekhniaidze, G. and Sekhon, K. and Sekula, S. J. and Semprini-Cesari, N. and Sen, S. and Senkin, S. and Serfon, C. and Serin, L. and Serkin, L. and Sessa, M. and Severini, H. and \ifmmode \check{S}\else \v{S}\fi{}filigoj, T. and Sforza, F. and Sfyrla, A. and Shabalina, E. and Shahinian, J. D. and Shaikh, N. W. and Shaked Renous, D. and Shan, L. Y. and Shang, R. and Shank, J. T. and Shapiro, M. and Sharma, A. and Sharma, A. S. and Shatalov, P. B. and Shaw, K. and Shaw, S. M. and Shcherbakova, A. and Shen, Y. and Sherafati, N. and Sherman, A. D. and Sherwood, P. and Shi, L. and Shimizu, S. and Shimmin, C. O. and Shimogama, Y. and Shimojima, M. and Shipsey, I. P. J. and Shirabe, S. and Shiyakova, M. and Shlomi, J. and Shmeleva, A. and Shochet, M. J. and Shojaii, J. and Shope, D. R. and Shrestha, S. and Shrif, E. M. and Shulga, E. and Sicho, P. and Sickles, A. M. and Sidebo, P. E. and Sideras Haddad, E. and Sidiropoulou, O. and Sidoti, A. and Siegert, F. and Sijacki, Dj. and Silva, M. and Silva Oliveira, M. V. and Silverstein, S. B. and Simion, S. and Simioni, E. and Simoniello, R. and Simsek, S. and Sinervo, P. and Sinetckii, V. and Sinev, N. B. and Sioli, M. and Siral, I. and Sivoklokov, S. Yu. and Sj\"olin, J. and Skorda, E. and Skubic, P. and Slawinska, M. and Sliwa, K. and Slovak, R. and Smakhtin, V. and Smart, B. H. and Smiesko, J. and Smirnov, N. and Smirnov, S. Yu. and Smirnov, Y. and Smirnova, L. N. and Smirnova, O. and Smith, J. W. and Smizanska, M. and Smolek, K. and Smykiewicz, A. and Snesarev, A. A. and Snoek, H. L. and Snyder, I. M. and Snyder, S. and Sobie, R. and Soffa, A. M. and Soffer, A. and S\o{}gaard, A. and Sohns, F. and Solans Sanchez, C. A. and Soldatov, E. Yu. and Soldevila, U. and Solodkov, A. A. and Soloshenko, A. and Solovyanov, O. V. and Solovyev, V. and Sommer, P. and Son, H. and Song, W. and Song, W. Y. and Sopczak, A. and Sopkova, F. and Sotiropoulou, C. L. and Sottocornola, S. and Soualah, R. and Soukharev, A. M. and South, D. and Spagnolo, S. and Spalla, M. and Spangenberg, M. and Span\`o, F. and Sperlich, D. and Spieker, T. M. and Spighi, R. and Spigo, G. and Spina, M. and Spiteri, D. P. and Spousta, M. and Stabile, A. and Stamas, B. L. and Stamen, R. and Stamenkovic, M. and Stanecka, E. and Stanek, R. W. and Stanislaus, B. and Stanitzki, M. M. and Stankaityte, M. and Stapf, B. and Starchenko, E. A. and Stark, G. H. and Stark, J. and Stark, S. H. and Staroba, P. and Starovoitov, P. and St\"arz, S. and Staszewski, R. and Stavropoulos, G. and Stegler, M. and Steinberg, P. and Steinhebel, A. L. and Stelzer, B. and Stelzer, H. J. and Stelzer-Chilton, O. and Stenzel, H. and Stevenson, T. J. and Stewart, G. A. and Stockton, M. C. and Stoicea, G. and Stolarski, M. and Stolte, P. and Stonjek, S. and Straessner, A. and Strandberg, J. and Strandberg, S. and Strauss, M. and Strizenec, P. and Str\"ohmer, R. and Strom, D. M. and Stroynowski, R. and Strubig, A. and Stucci, S. A. and Stugu, B. and Stupak, J. and Styles, N. A. and Su, D. and Suchek, S. and Sulin, V. V. and Sullivan, M. J. and Sultan, D. M. S. and Sultansoy, S. and Sumida, T. and Sun, S. and Sun, X. and Suruliz, K. and Suster, C. J. E. and Sutton, M. R. and Suzuki, S. and Svatos, M. and Swiatlowski, M. and Swift, S. P. and Swirski, T. and Sydorenko, A. and Sykora, I. and Sykora, M. and Sykora, T. and Ta, D. and Tackmann, K. and Taenzer, J. and Taffard, A. and Tafirout, R. and Takai, H. and Takashima, R. and Takeda, K. and Takeshita, T. and Takeva, E. P. and Takubo, Y. and Talby, M. and Talyshev, A. A. and Tamir, N. M. and Tanaka, J. and Tanaka, M. and Tanaka, R. and Tapia Araya, S. and Tapprogge, S. and Tarek Abouelfadl Mohamed, A. and Tarem, S. and Tarna, G. and Tartarelli, G. F. and Tas, P. and Tasevsky, M. and Tashiro, T. and Tassi, E. and Tavares Delgado, A. and Tayalati, Y. and Taylor, A. J. and Taylor, G. N. and Taylor, W. and Tee, A. S. and Teixeira De Lima, R. and Teixeira-Dias, P. and Ten Kate, H. and Teoh, J. J. and Terada, S. and Terashi, K. and Terron, J. and Terzo, S. and Testa, M. and Teuscher, R. J. and Thais, S. J. and Theveneaux-Pelzer, T. and Thiele, F. and Thomas, D. W. and Thomas, J. O. and Thomas, J. P. and Thompson, A. S. and Thompson, P. D. and Thomsen, L. A. and Thomson, E. and Tian, Y. and Ticse Torres, R. E. and Tikhomirov, V. O. and Tikhonov, Yu. A. and Timoshenko, S. and Tipton, P. and Tisserant, S. and Todome, K. and Todorova-Nova, S. and Todt, S. and Tojo, J. and Tok\'ar, S. and Tokushuku, K. and Tolley, E. and Tomiwa, K. G. and Tomoto, M. and Tompkins, L. and Tong, B. and Tornambe, P. and Torrence, E. and Torres, H. and Torr\'o Pastor, E. and Tosciri, C. and Toth, J. and Tovey, D. R. and Traeet, A. and Treado, C. J. and Trefzger, T. and Tresoldi, F. and Tricoli, A. and Trigger, I. M. and Trincaz-Duvoid, S. and Trischuk, W. and Trocm\'e, B. and Trofymov, A. and Troncon, C. and Trovatelli, M. and Trovato, F. and Truong, L. and Trzebinski, M. and Trzupek, A. and Tsai, F. and Tseng, J. C-L. and Tsiareshka, P. V. and Tsirigotis, A. and Tsirintanis, N. and Tsiskaridze, V. and Tskhadadze, E. G. and Tsopoulou, M. and Tsukerman, I. I. and Tsulaia, V. and Tsuno, S. and Tsybychev, D. and Tu, Y. and Tudorache, A. and Tudorache, V. and Tulbure, T. T. and Tuna, A. N. and Turchikhin, S. and Turgeman, D. and Turk Cakir, I. and Turner, R. J. and Turra, R. T. and Tuts, P. M. and Tzamarias, S. and Tzovara, E. and Ucchielli, G. and Uchida, K. and Ueda, I. and Ughetto, M. and Ukegawa, F. and Unal, G. and Undrus, A. and Unel, G. and Ungaro, F. C. and Unno, Y. and Uno, K. and Urban, J. and Urquijo, P. and Usai, G. and Usui, J. and Uysal, Z. and Vacavant, L. and Vacek, V. and Vachon, B. and Vadla, K. O. H. and Vaidya, A. and Valderanis, C. and Valdes Santurio, E. and Valente, M. and Valentinetti, S. and Valero, A. and Val\'ery, L. and Vallance, R. A. and Vallier, A. and Valls Ferrer, J. A. and Van Daalen, T. R. and Van Gemmeren, P. and Van Vulpen, I. and Vanadia, M. and Vandelli, W. and Vaniachine, A. and Vannicola, D. and Vari, R. and Varnes, E. W. and Varni, C. and Varol, T. and Varouchas, D. and Varvell, K. E. and Vasile, M. E. and Vasquez, G. A. and Vasquez, J. G. and Vazeille, F. and Vazquez Furelos, D. and Vazquez Schroeder, T. and Veatch, J. and Vecchio, V. and Veen, M. J. and Veloce, L. M. and Veloso, F. and Veneziano, S. and Ventura, A. and Venturi, N. and Verbytskyi, A. and Vercesi, V. and Verducci, M. and Vergel Infante, C. M. and Vergis, C. and Verkerke, W. and Vermeulen, A. T. and Vermeulen, J. C. and Vetterli, M. C. and Viaux Maira, N. and Vicente Barreto Pinto, M. and Vickey, T. and Vickey Boeriu, O. E. and Viehhauser, G. H. A. and Vigani, L. and Villa, M. and Villaplana Perez, M. and Vilucchi, E. and Vincter, M. G. and Vinogradov, V. B. and Vishwakarma, A. and Vittori, C. and Vivarelli, I. and Vogel, M. and Vokac, P. and von Buddenbrock, S. E. and Von Toerne, E. and Vorobel, V. and Vorobev, K. and Vos, M. and Vossebeld, J. H. and Vozak, M. and Vranjes, N. and Vranjes Milosavljevic, M. and Vrba, V. and Vreeswijk, M. and Vuillermet, R. and Vukotic, I. and Wagner, P. and Wagner, W. and Wagner-Kuhr, J. and Wahdan, S. and Wahlberg, H. and Wakamiya, K. and Walbrecht, V. M. and Walder, J. and Walker, R. and Walker, S. D. and Walkowiak, W. and Wallangen, V. and Wang, A. M. and Wang, C. and Wang, F. and Wang, H. and Wang, H. and Wang, J. and Wang, J. and Wang, P. and Wang, Q. and Wang, R.-J. and Wang, R. and Wang, R. and Wang, S. M. and Wang, W. T. and Wang, W. and Wang, W. X. and Wang, Y. and Wang, Z. and Wanotayaroj, C. and Warburton, A. and Ward, C. P. and Wardrope, D. R. and Warrack, N. and Washbrook, A. and Watson, A. T. and Watson, M. F. and Watts, G. and Waugh, B. M. and Webb, A. F. and Webb, S. and Weber, C. and Weber, M. S. and Weber, S. A. and Weber, S. M. and Weidberg, A. R. and Weingarten, J. and Weirich, M. and Weiser, C. and Wells, P. S. and Wenaus, T. and Wengler, T. and Wenig, S. and Wermes, N. and Werner, M. D. and Wessels, M. and Weston, T. D. and Whalen, K. and Whallon, N. L. and Wharton, A. M. and White, A. S. and White, A. and White, M. J. and Whiteson, D. and Whitmore, B. W. and Wickens, F. J. and Wiedenmann, W. and Wielers, M. and Wieseotte, N. and Wiglesworth, C. and Wiik-Fuchs, L. A. M. and Wilk, F. and Wilkens, H. G. and Wilkins, L. J. and Williams, H. H. and Williams, S. and Willis, C. and Willocq, S. and Wilson, J. A. and Wingerter-Seez, I. and Winkels, E. and Winklmeier, F. and Winston, O. J. and Winter, B. T. and Wittgen, M. and Wobisch, M. and Wolf, A. and Wolf, T. M. H. and Wolff, R. and W\"olker, R. W. and Wollrath, J. and Wolter, M. W. and Wolters, H. and Wong, V. W. S. and Woods, N. L. and Worm, S. D. and Wosiek, B. K. and Wo\ifmmode \acute{z}\else \'{z}\fi{}niak, K. W. and Wraight, K. and Wu, S. L. and Wu, X. and Wu, Y. and Wyatt, T. R. and Wynne, B. M. and Xella, S. and Xi, Z. and Xia, L. and Xu, D. and Xu, H. and Xu, L. and Xu, T. and Xu, W. and Xu, Z. and Xu, Z. and Yabsley, B. and Yacoob, S. and Yajima, K. and Yallup, D. P. and Yamaguchi, D. and Yamaguchi, Y. and Yamamoto, A. and Yamanaka, T. and Yamane, F. and Yamatani, M. and Yamazaki, T. and Yamazaki, Y. and Yan, Z. and Yang, H. J. and Yang, H. T. and Yang, S. and Yang, X. and Yang, Y. and Yao, W-M. and Yap, Y. C. and Yasu, Y. and Yatsenko, E. and Ye, J. and Ye, S. and Yeletskikh, I. and Yexley, M. R. and Yigitbasi, E. and Yorita, K. and Yoshihara, K. and Young, C. J. S. and Young, C. and Yu, J. and Yuan, R. and Yue, X. and Yuen, S. P. Y. and Zabinski, B. and Zacharis, G. and Zaffaroni, E. and Zahreddine, J. and Zaitsev, A. M. and Zakareishvili, T. and Zakharchuk, N. and Zambito, S. and Zanzi, D. and Zaripovas, D. R. and Zei\ss{}ner, S. V. and Zeitnitz, C. and Zemaityte, G. and Zeng, J. C. and Zenin, O. and \ifmmode \check{Z}\else \v{Z}\fi{}eni\ifmmode \check{s}\else \v{s}\fi{}, T. and Zerwas, D. and Zgubi\ifmmode \check{c}\else \v{c}\fi{}, M. and Zhang, D. F. and Zhang, F. and Zhang, G. and Zhang, G. and Zhang, H. and Zhang, J. and Zhang, L. and Zhang, L. and Zhang, M. and Zhang, R. and Zhang, R. and Zhang, X. and Zhang, Y. and Zhang, Z. and Zhang, Z. and Zhao, P. and Zhao, Y. and Zhao, Z. and Zhemchugov, A. and Zheng, Z. and Zhong, D. and Zhou, B. and Zhou, C. and Zhou, M. S. and Zhou, M. and Zhou, N. and Zhou, Y. and Zhu, C. G. and Zhu, H. L. and Zhu, H. and Zhu, J. and Zhu, Y. and Zhuang, X. and Zhukov, K. and Zhulanov, V. and Zieminska, D. and Zimine, N. I. and Zimmermann, S. and Zinonos, Z. and Ziolkowski, M. and \ifmmode \check{Z}\else \v{Z}\fi{}ivkovi\ifmmode \acute{c}\else \'{c}\fi{}, L. and Zobernig, G. and Zoccoli, A. and Zoch, K. and Zorbas, T. G. and Zou, R. and Zwalinski, L.},
  collaboration = {ATLAS Collaboration},
  journal = {Phys. Rev. D},
  volume = {101},
  issue = {1},
  pages = {012002},
  numpages = {48},
  year = {2020},
  month = {Jan},
  publisher = {American Physical Society},
  doi = {10.1103/PhysRevD.101.012002},
  url = {https://link.aps.org/doi/10.1103/PhysRevD.101.012002}
}


@techreport{hh4b_2021_int_note,
      author        = "Abbott, Dale and Balunas, William Keaton and Betti,
                       Alessandra and Bin Norisam, Raif Rafideen and Borgna, Lucas
                       Santiago and Chan, Jay and Cortes Gonzalez, Arely and
                       Czurylo, Marta and Emerman, Alex and Frost, James and
                       Gasiorowski, Sean Joseph and Goussiou, Anna and Grundy,
                       James Cameron and Gubbels, Chris and Guest, Dan and Hank,
                       Michael Donald and Hartman, Nicole Michelle and Hayashida,
                       Shota and Higuchi, Yu Nakahama and Huffman, Todd Brian and
                       Hyneman, Rachel Jordan and Issever, Cigdem and Kagan,
                       Michael Aaron and Khoo, Teng Jian and Kim, Young-Kee and
                       Konstantinidis, Nikolaos and Leney, Katharine and Lewis,
                       Charles and Milke, Chris and Mlinarevic, Marin and
                       Schaarschmidt, Jana and Seiss, Todd Michael and Sekula,
                       Stephen Jacob and Shi, Liaoshan and Shochet, Mel and
                       Stanislaus, Beojan and Swiatlowski, Maximilian J and
                       Teixeira De Lima, Rafael and Valente, Marco and Veliscek,
                       Iza and Wang, Alex Zeng and Willocq, Stephane and Wu, Sau
                       Lan and Zhang, Rui and Zhang, Yuwen and Zhou, Chen and
                       Madula, Thandikire",
      title         = "{Supporting Document: The Search for Non-Resonant ggF and
                       VBF HH Production Decaying to the 4b Final State Using the
                       Full Run-2 Data}",
      institution   = "CERN",
      address       = "Geneva",
      reportNumber  = "ATL-COM-PHYS-2021-743",
      month         = "Sep",
      year          = "2021",
      url           = "https://cds.cern.ch/record/2780536",
}


@techreport{vbf_hh_4b_2018_int,
      author        = "Nakahama, Yu and Wardrope, David Robert and Sano, Yuta and
                       Schaarschmidt, Jana and Lenz, Tatjana and Swiatlowski,
                       Maximilian J and Melzer, Alexander and Iordanidou,
                       Kalliopi",
      title         = "{Search for Higgs-boson pair production via vector-boson
                       fusion in the $b\bar{b}b\bar{b}$ final state using
                       proton-proton collisions at $\sqrt{s}$=13 TeV with the
                       ATLAS detector: hh4b VBF search with the full Run-2
                       dataset}",
      institution   = "CERN",
      address       = "Geneva",
      reportNumber  = "ATL-COM-PHYS-2018-1108",
      month         = "Jul",
      year          = "2018",
      url           = "https://cds.cern.ch/record/2632857",
}

@techreport{vbf_hh_4b_resonant_2020_int,
      author        = "Abbott, Dale Charles and Balunas, William Keaton and
                       Borgna, Lucas Santiago and Chan, Chen-Hsun and Emerman,
                       Alexander and Frost, James and Gasiorowski, Sean Joseph and
                       Goussiou, Anna and Grundy, James Cameron and Gubbels,
                       Christopher and Hartman, Nicole Michelle and Hayashida,
                       Shota and Huffman, Todd Brian and Issever, Cigdem and
                       Kagan, Michael and Konstantinidis, Nikolaos and Nakahama,
                       Yu and Paredes Saenz, Santiago Rafael and Picazio, Attilio
                       and Schaarschmidt, Jana and Seiss, Todd and Shochet, Mel
                       and Stanislaus, Beojan and Swiatlowski, Maximilian J and
                       Teixeira De Lima, Rafael and Wang, Alex Zeng and Willocq,
                       Stephane and Wu, Sau Lan and Zhang, Rui and Zhou, Chen and
                       Czurylo, Marta Maja and Norisam, Raif Rafideen Bin and
                       Cortes-Gonzalez, Arely and Khoo, Teng Jian and Guest,
                       Daniel and Shi, Liaoshan and Valente, Marco and Veliscek,
                       Iza and Leney, Katharine and Milke, Christopher Don and
                       Betti, Alessandra",
      title         = "{Supporting Document: The Search for Resonant HH
                       Production Decaying to the 4b Final State Using the Full
                       Run-2 Data and the Resolved Analysis Channel}",
      institution   = "CERN",
      address       = "Geneva",
      reportNumber  = "ATL-COM-PHYS-2020-084",
      month         = "Feb",
      year          = "2020",
      url           = "https://cds.cern.ch/record/2708605",
}


@techreport{atlas_sm_summary,
      title         = "{Standard Model Summary Plots June 2021}",
      institution   = "CERN",
      collaboration = "ATLAS Collaboration",
      address       = "Geneva",
      reportNumber  = "ATL-PHYS-PUB-2021-032",
      month         = "Jul",
      year          = "2021",
      url           = "http://cds.cern.ch/record/2777014",
      note          = "All figures including auxiliary figures are available at
                       https://atlas.web.cern.ch/Atlas/GROUPS/PHYSICS/PUBNOTES/ATL-PHYS-PUB-2021-032",
}
