@article{pdg,
    author = "Hagiwara, Kaoru and others",
    collaboration = "Particle Data Group",
    title = "{Review of particle physics. Particle Data Group}",
    doi = "10.1103/PhysRevD.66.010001",
    journal = "Phys. Rev. D",
    volume = "66",
    pages = "010001",
    year = "2002"
}


@misc{atlas_website, 
    author={CERN},
    title={ATLAS Experiment at CERN},
    howpublished = {\url{https://atlas.cern/about}},
    urldate={2020-02-23}
}


% General, very comprehensive overview of ATLAS
@article{atlas_tdr,
	doi = {10.1088/1748-0221/3/08/s08003},
	url = {https://doi.org/10.1088\%2F1748-0221\%2F3\%2F08\%2Fs08003},
	year = 2008,
	month = {aug},
	publisher = {{IOP} Publishing},
	volume = {3},
	number = {08},
	pages = {S08003--S08003},
	author = {The ATLAS Collaboration},
	title = {The {ATLAS} Experiment at the {CERN} Large Hadron Collider},
	journal = {Journal of Instrumentation},
	abstract = {The ATLAS detector as installed in its experimental cavern
at point 1 at CERN is described in this paper. A brief overview of
the expected performance of the detector when the Large Hadron
Collider begins operation is also presented.}
}


% General information for how detector systems work
@book{wiley_radiation_detection,
    author    = {Glenn F. Knoll}, 
    title     = {Radiation Detection and Measurement},
    publisher = {John Wiley \& Sons, Inc.},
    year      = 2000,
    volume    = {},
    series    = {},
    address   = {New York},
    edition   = 3,
    month     = {},
    note      = {},
    isbn      = {978-0-471-07338-3}
}

@article{Aad_2008,
	doi = {10.1088/1748-0221/3/07/p07007},
	url = {https://doi.org/10.1088/1748-0221/3/07/p07007},
	year = 2008,
	month = {jul},
	publisher = {{IOP} Publishing},
	volume = {3},
	number = {07},
	pages = {P07007--P07007},
	author = {G Aad and others},
	title = {{ATLAS} pixel detector electronics and sensors},
	journal = {Journal of Instrumentation},
	abstract = {The silicon pixel tracking system for the ATLAS experiment  at the Large Hadron Collider is described and the performance  requirements are summarized. Detailed descriptions of the pixel  detector electronics and the silicon sensors are given. The design,  fabrication, assembly and performance of the pixel detector modules  are presented.  Data obtained from test beams as well as studies  using cosmic rays are also discussed.}
}

@article{Derue:881374,
    author        = "Derue, F",
    title         = "{Electron and photon identification in ATLAS. Comparison
                     between test beam data and simulation}",
    number        = "ATL-PHYS-CONF-2005-015. ATL-COM-PHYS-2005-046.
                     CERN-ATL-PHYS-CONF-2005-015",
    pages         = "5 p",
    year          = "2005",
    reportNumber  = "ATL-PHYS-CONF-2005-015",
    url           = "http://cds.cern.ch/record/881374",
    doi           = "10.1007/978-3-540-32841-4_21",
}

% Details on the inner detector design and purpose
@book{id_tdr,
    title         = "{ATLAS inner detector: Technical Design Report, 1}",
    publisher     = "CERN",
    collaboration = "ATLAS Collaboration",
    address       = "Geneva",
    series        = "Technical Design Report ATLAS",
    year          = "1997",
    reportNumber  = "CERN-LHCC-97-016",
    url           = "https://cds.cern.ch/record/331063",
}

% In-depth discussion of TRT design, manufacturing process, and simulation of performance
@article{trt_design,
    author = "Abat, E. and others",
    collaboration = "ATLAS TRT",
    title = "{The ATLAS Transition Radiation Tracker (TRT) proportional drift tube: Design and performance}",
    doi = "10.1088/1748-0221/3/02/P02013",
    journal = "JINST",
    volume = "3",
    pages = "P02013",
    year = "2008"
}

% Just talks about how drift chambers work
@inproceedings{drift_chambers,
    author        = "Sauli, Fabio",
    title         = "{Principles of operation of multiwire proportional and drift chambers}",
    organization  = "CERN",
    publisher     = "CERN",
    address       = "Geneva",
    pages         = "92 p",
    year          = "1977",
    url           = "https://cds.cern.ch/record/117989",
    note          = "CERN, Geneva, 1975 - 1976",
    doi           = "10.5170/CERN-1977-009",
}


% Brief article discussing how transition radiation works
@article{transition_radiation,
	doi = {10.1070/pu1996v039n10abeh000171},
	url = {https://doi.org/10.1070/pu1996v039n10abeh000171},
	year = 1996,
	month = {oct},
	publisher = {Uspekhi Fizicheskikh Nauk ({UFN}) Journal},
	volume = {39},
	number = {10},
	pages = {973--982},
	author = {Vitalii L Ginzburg},
	title = {Radiation by uniformly moving sources (Vavilov{\textendash}Cherenkov effect, transition radiation, and other phenomena)},
	journal = {Physics-Uspekhi},
	abstract = {}
}


@book{Lar_cal_tdr,
    title         = "{ATLAS liquid-argon calorimeter: Technical Design Report}",
    publisher     = "CERN",
    collaboration = "ATLAS Collaboration",
    address       = "Geneva",
    series        = "Technical design report. ATLAS",
    year          = "1996",
    reportNumber  = "CERN-LHCC-96-041",
    url           = "http://cds.cern.ch/record/331061",
}


@article{eCal_electrodes,
    title = {Development and construction of large size signal electrodes for the ATLAS electromagnetic calorimeter},
    journal = {Nuclear Instruments and Methods in Physics Research Section A: Accelerators, Spectrometers, Detectors and Associated Equipment},
    volume = {539},
    number = {3},
    pages = {558-594},
    year = {2005},
    issn = {0168-9002},
    doi = {https://doi.org/10.1016/j.nima.2004.11.005},
    url = {https://www.sciencedirect.com/science/article/pii/S0168900204023563},
    author = {B. Aubert and others},
    keywords = {Calorimeter particle physics, LHC, Liquid argon, Flexible circuits, Silk screen resistors},
    abstract = {We describe the electric circuits (electrodes) which polarize and read out the lead–liquid argon electromagnetic calorimeter for the ATLAS detector. The paper covers design and material choices of the circuits as well as their production in industry. We also show how the electrodes integrate into the calorimeter and conclude with results from groups of electrodes making up calorimeter modules.}
}


@article{energy_measurement,
	doi = {10.1088/0034-4885/52/12/002},
	url = {https://doi.org/10.1088/0034-4885/52/12/002},
	year = 1989,
	month = {dec},
	publisher = {{IOP} Publishing},
	volume = {52},
	number = {12},
	pages = {1519--1580},
	author = {C W Fabjan and R Wigmans},
	title = {Energy measurement of elementary particles},
	journal = {Reports on Progress in Physics},
	abstract = {The authors review the techniques used to measure the energy of elementary particles. The methods discussed span more than 20 orders of magnitude in energy, ranging from a small fraction of an electronvolt, where relic remainders of the Big Bang are being looked for, to the 1020 eV domain, where the highest-energy cosmic rays can be found. The emphasis is, however, on techniques employed in particle physics for studying collision processes at accelerators in the GeV-TeV range.}
}


@misc{calorimetry_lecture, 
    title={RAL-PPD Grad lectures, part 1, Introduction to Calorimeters},
    howpublished = {https://indico.cern.ch/event/518474/contributions/1198681/},
    author={Cockerill, David}
}


@book{tcal_tdr,
    title         = "{ATLAS tile calorimeter: Technical Design Report}",
    publisher     = "CERN",
    collaboration = "ATLAS Collaboration",
    address       = "Geneva",
    series        = "Technical design report. ATLAS",
    year          = "1996",
    reportNumber  = "CERN-LHCC-96-042",
    url           = "http://cds.cern.ch/record/331062",
}

% Image only citations

% fig atlas_xsec
@unpublished{Pequenao:1095924,
    author        = "Joao Pequenao",
    title         = "{Computer generated image of the whole ATLAS detector}",
    month         = "Mar",
    year          = "2008",
    reportNumber  = "CERN-GE-0803012",
    url           = "https://cds.cern.ch/record/1095924",
}


% fig atlas_coords
@article{Schott:1699952,
    author        = "Schott, Matthias and Dunford, Monica",
    title         = "{Review of single vector boson production in pp collisions at $\sqrt{s} = 7$ TeV. Review of single vector boson production in pp collisions at $\sqrt{s} = 7$ TeV}",
    journal       = "Eur. Phys. J. C",
    number        = "arXiv:1405.1160",
    volume        = "74",
    pages         = "60 p",
    month         = "May",
    year          = "2014",
    reportNumber  = "arXiv:1405.1160",
    url           = "https://cds.cern.ch/record/1699952",
    note          = "Comments: 60 pages, 64 figures, For Eur. Phys. J. C",
    doi           = "10.1140/epjc/s10052-014-2916-1",
}




% fig pn_junction
@thesis{Havránek:2317324,
    author        = "Havránek, Miroslav",
    title         = "{Development of Pixel Front-End Electronics using Advanced Deep Submicron CMOS Technologies}",
    year          = "2014",
    url           = "https://cds.cern.ch/record/2317324",
    note          = "presented 12 Sep 2014",
}


@article{insertable_Blayer,
    author = "Capeans, M. and Darbo, G. and Einsweiler, K. and Elsing, M. and Flick, T. and Garcia-Sciveres, M. and Gemme, C. and Pernegger, H. and Rohne, O. and Vuillermet, R.",
    collaboration = "ATLAS",
    title = "{ATLAS Insertable B-Layer Technical Design Report}",
    reportNumber = "CERN-LHCC-2010-013, ATLAS-TDR-19",
    month = "9",
    year = "2010"
}


@article{sensor_damage,
      author        = "Aad and others",
      title         = "{Measurements of sensor radiation damage in the ATLAS
                       inner detector using leakage currents}",
      journal       = "JINST",
      collaboration = "ATLAS Collaboration",
      archivePrefix = "arXiv",
      eprint        = "2106.09287",
      reportNumber  = "CERN-EP-2021-055",
      volume        = "16",
      pages         = "P08025. 47 p",
      month         = "Jun",
      year          = "2021",
      url           = "https://cds.cern.ch/record/2773132",
      note          = "47 pages total, author list starting page 31, 12 figures,
                       2 tables,
 published in JINST. All figures including
                       auxiliary figures are available at

                       http://atlas.web.cern.ch/Atlas/GROUPS/PHYSICS/PAPERS/IDET-2020-01",
      doi           = "10.1088/1748-0221/16/08/P08025",
}
