% Put you own bibliography entries in this file


% systematic
@article{LUCID2,
  author={G. Avoni and others},
  title={The new LUCID-2 detector for luminosity measurement and monitoring in ATLAS},
  journal={JINST},
  volume={13},
  number={07},
  pages={P07017},
  doi="10.1088/1748-0221/13/07/P07017",
  year={2018},
}
@online{JESJERRecommendationsR21twiki,
  title = "{JESJERRecommendationsR21}",
  url = {https://twiki.cern.ch/twiki/bin/view/AtlasProtected/JetUncertaintiesRel21Summer2018SmallR?rev=11}
}
@misc{BTagCalibrationRecommendationsRelease21twiki,
  title = "{TagCalibrationRecommendationsRelease21}",
  url = {https://twiki.cern.ch/twiki/bin/view/AtlasProtected/BTagCalibrationRecommendationsRelease21?rev=60}
}
@misc{BTaggingCalibrationDataInterfacetwiki,
  title = "{BTaggingCalibrationDataInterface}",
  url = {https://twiki.cern.ch/twiki/bin/view/AtlasProtected/BTaggingCalibrationDataInterface?rev=101}
}

@techreport{bbyyNote,
      author        = "Adelman, Jahred and Beisiegel, Florian and Belfkir,
                       Mohamed and Berger, Nicolas and Brost, Elizabeth and Burch,
                       Tyler James and Cairo, Valentina Maria and Chan, Chen-Hsun
                       and D'eramo, Louis and D'onofrio, Adelina and Escalier,
                       Marc and Fayard, Louis and Fiorini, Luca and Guo, Linghua
                       and Han, Shuo and Huang, Yanping and Hulsken, Raphael and
                       Jezequel, Stephane and Lenz, Tatjana and Pearkes, Jannicke
                       and Pereira Sanchez, Laura and Petit, Elisabeth and Ran,
                       Kunlin and Readioff, Nathan Peter and Robinson, James and
                       Ruiz-Martinez, Aranzazu and Sayago Galvan, Ivan and Stark,
                       Jan and Strandberg, Jonas and Strandberg, Sara Kristina and
                       Taylor, Alan James and Vernieri, Caterina and Wang, Alex
                       Zeng and Wu, Sau Lan and Zhou, Chen and Chen, Feng and
                       Bernardi, Gregorio and Carminati, Leonardo and Nelson,
                       Michael Edward and Li, Ang and Li, Changqiao and Liu, Kun
                       and Manzoni, Stefano and Marchiori, Giovanni and Mazzeo,
                       Elena and Timoshyn, Denys and Wendt, David Kyle and
                       Lundberg, Olof and Stamas, Brianna and Merz, Garrett
                       William and Cheng, Alkaid and Turra, Ruggero and De Vivie
                       De Regie, Jean-Baptiste and Dingfelder, Jochen Christian
                       and Zhang, Rui and Jin, Shan and Yang, Haijun and Jia,
                       Zihang",
      title         = "{Search for Higgs boson pair production in the
                       $b\bar{b}\gamma\gamma$ final state with the full Run 2 13
                       TeV pp collision data collected by the ATLAS Experiment
                       Supporting note.}",
      institution   = "CERN",
      address       = "Geneva",
      reportNumber  = "ATL-COM-PHYS-2020-148",
      month         = "Mar",
      year          = "2020",
      url           = "https://cds.cern.ch/record/2711865",
}

@techreport{bbbbresolvedNote,
      author        = "Abbott, Dale Charles and Balunas, William Keaton and
                       Borgna, Lucas Santiago and Chan, Chen-Hsun and Emerman,
                       Alexander and Frost, James and Gasiorowski, Sean Joseph and
                       Goussiou, Anna and Grundy, James Cameron and Gubbels,
                       Christopher and Hartman, Nicole Michelle and Hayashida,
                       Shota and Huffman, Todd Brian and Issever, Cigdem and
                       Kagan, Michael and Konstantinidis, Nikolaos and Nakahama,
                       Yu and Paredes Saenz, Santiago Rafael and Picazio, Attilio
                       and Schaarschmidt, Jana and Seiss, Todd and Shochet, Mel
                       and Stanislaus, Beojan and Swiatlowski, Maximilian J and
                       Teixeira De Lima, Rafael and Wang, Alex Zeng and Willocq,
                       Stephane and Wu, Sau Lan and Zhang, Rui and Zhou, Chen and
                       Czurylo, Marta Maja and Norisam, Raif Rafideen Bin and
                       Cortes-Gonzalez, Arely and Khoo, Teng Jian and Guest,
                       Daniel and Shi, Liaoshan and Valente, Marco and Veliscek,
                       Iza and Leney, Katharine and Milke, Christopher Don and
                       Betti, Alessandra",
      title         = "{Supporting Document: The Search for Resonant HH
                       Production Decaying to the 4b Final State Using the Full
                       Run-2 Data and the Resolved Analysis Channel}",
      institution   = "CERN",
      address       = "Geneva",
      reportNumber  = "ATL-COM-PHYS-2020-084",
      month         = "Feb",
      year          = "2020",
      url           = "https://cds.cern.ch/record/2708605",
}


@techreport{ATLAS-CONF-2021-035,
      title         = "{Search for resonant pair production of Higgs bosons in
                       the $b\bar{b}b\bar{b}$ final state using $pp$ collisions at
                       $\sqrt{s}$ = 13 TeV with the ATLAS detector}",
      institution   = "CERN",
      collaboration = "ATLAS Collaboration",
      address       = "Geneva",
      reportNumber  = "ATLAS-CONF-2021-035",
      month         = "Aug",
      year          = "2021",
      url           = "http://cds.cern.ch/record/2777861",
      note          = "All figures including auxiliary figures are available at
                       https://atlas.web.cern.ch/Atlas/GROUPS/PHYSICS/CONFNOTES/ATLAS-CONF-2021-035",
}

% Recent CMS
@techreport{CMS-PAS-HIG-20-005,
      title         = "{Search for Higgs boson pair production in the four b
                       quark final state}",
      institution   = "CERN",
      collaboration = "CMS Collaboration",
      address       = "Geneva",
      reportNumber  = "CMS-PAS-HIG-20-005",
      year          = "2021",
      url           = "https://cds.cern.ch/record/2771912",
}

@techreport{CMS-PAS-B2G-21-001,
      title         = "{Search for Higgs boson pair production via vector boson
                       fusion with highly Lorentz-boosted Higgs bosons in the four
                       b quark final state at $\sqrt{s} = 13$ TeV}",
      institution   = "CERN",
      collaboration = "CMS Collaboration",
      address       = "Geneva",
      reportNumber  = "CMS-PAS-B2G-21-001",
      year          = "2021",
      url           = "https://cds.cern.ch/record/2776802",
}


% ATLAS specific references
@online{GoodRunListsForAnalysisRun2twiki,
  title = "{GoodRunListsForAnalysisRun2}",
  url = {https://twiki.cern.ch/twiki/bin/view/AtlasProtected/GoodRunListsForAnalysisRun2?rev=174}
}

@misc{pyAMIdoc,
  title = "{pyAMI 5 API}",
  url = {https://ami.in2p3.fr/pyAMI/pyAMI5_core_api.html}
}

@Article{Powheg1,
author         = "{P. Nason}",
title      = "{A New method for combining NLO QCD with shower Monte Carlo algorithms}",
journal        = "JHEP",
hidevolume         = "0411",
volume         = "11",
pages          = "040",
doi            = "10.1088/1126-6708/2004/11/040",
year           = "2004",
eprint         = "hep-ph/0409146",
archivePrefix  = "arXiv",
primaryClass   = "hep-ph",
reportNumber   = "BICOCCA-FT-04-11",
SLACcitation   = "%%CITATION = HEP-PH/0409146;%%",
}

@article{Powheg2,
author         = "{S. Frixione, P. Nason and C. Oleari}",
title      = "{Matching NLO QCD computations with parton shower simulations: the POWHEG method}",
journal        = "JHEP",
hidevolume         = "0711",
volume         = "11",
pages          = "070",
doi            = "10.1088/1126-6708/2007/11/070",
year           = "2007",
eprint         = "0709.2092",
archivePrefix  = "arXiv",
primaryClass   = "hep-ph",
reportNumber   = "BICOCCA-FT-07-9, GEF-TH-21-2007",
SLACcitation   = "%%CITATION = ARXIV:0709.2092;%%"
}

@article{Powheg3,
author         = "Alioli, Simone and Nason, Paolo and Oleari, Carlo and Re,
                     Emanuele",
title      = "{A general framework for implementing NLO calculations in  shower Monte Carlo programs: the POWHEG BOX}",
journal        = "JHEP",
hidevolume         = "1006",
volume         = "06",
pages          = "043",
doi            = "10.1007/JHEP06(2010)043",
year           = "2010",
eprint         = "1002.2581",
archivePrefix  = "arXiv",
primaryClass   = "hep-ph",
reportNumber   = "DESY-10-018, SFB-CPP-10-22, IPPP-10-11, DCPT-10-22",
SLACcitation   = "%%CITATION = ARXIV:1002.2581;%%",
}

@article{PYTHIA64,
    author = "Sjostrand, Torbjorn and Mrenna, Stephen and Skands, Peter Z.",
    title = "{PYTHIA 6.4 Physics and Manual}",
    eprint = "hep-ph/0603175",
    archivePrefix = "arXiv",
    reportNumber = "FERMILAB-PUB-06-052-CD-T, LU-TP-06-13",
    doi = "10.1088/1126-6708/2006/05/026",
    journal = "JHEP",
    volume = "05",
    pages = "026",
    year = "2006"
}

@Article{PYTHIA82,
author = "Sjostrand, T, and others",
title = "An Introduction to PYTHIA 8.2",
journal = "Comput.Phys.Commun.",
volume = "191",
year = "2015",
pages = "159-177",
eprint = "1410.3012",
archivePrefix = "arXiv",
primaryClass = "hep-ph"
}

@booklet{A14tune,
author = "{ATLAS Collaboration}",
title = "ATLAS Pythia~8 tunes to 7~TeV data",
report = "ATL-PHYS-PUB-2014-021",
howpublished = "{ATL-PHYS-PUB-2014-021}",
year = "2014",
url = "https://cds.cern.ch/record/1966419"
}

@booklet{ATLAS:2012uec,
title          = "{Summary of ATLAS Pythia 8 tunes}",
author         = "{ATLAS Collaboration}",
year           = "2012",
howpublished   = "{ATL-PHYS-PUB-2012-003}",
url            = "https://cds.cern.ch/record/1474107"
}

@Article{EvtGen,
author         = "{D. J. Lange}",
title          = "{The EvtGen particle decay simulation package}",
journal        = "Nucl. Instrum. Meth. A",
volume         = "462",
year           = "2001",
pages          = "152",
doi            = "10.1016/S0168-9002(01)00089-4",
primaryClass   = "hep-ex"
}

@article{Butterworth:2015oua,
    author = "Butterworth, Jon and others",
    title = "{PDF4LHC recommendations for LHC Run II}",
    eprint = "1510.03865",
    archivePrefix = "arXiv",
    primaryClass = "hep-ph",
    reportNumber = "OUTP-15-17P, SMU-HEP-15-12, TIF-UNIMI-2015-14, LCTS-2015-27, CERN-PH-TH-2015-249",
    doi = "10.1088/0954-3899/43/2/023001",
    journal = "J. Phys. G",
    volume = "43",
    pages = "023001",
    year = "2016"
}
@article{Grazzini:2018bsd,
    author = "Grazzini, Massimiliano and Heinrich, Gudrun and Jones, Stephen and Kallweit, Stefan and Kerner, Matthias and Lindert, Jonas M. and Mazzitelli, Javier",
    title = "{Higgs boson pair production at NNLO with top quark mass effects}",
    eprint = "1803.02463",
    archivePrefix = "arXiv",
    primaryClass = "hep-ph",
    reportNumber = "CERN-TH-2018-044, IPPP/18/15, MPP-2018-30, ZU-TH 10/18, IPPP-18-15, ZU-TH-10-18",
    doi = "10.1007/JHEP05(2018)059",
    journal = "JHEP",
    volume = "05",
    pages = "059",
    year = "2018"
}
@article{Herwigpp,
      author         = "Bahr, M. and others",
      title          = "{Herwig++ Physics and Manual}",
      journal        = "Eur. Phys. J.",
      volume         = "C58",
      year           = "2008",
      pages          = "639-707",
      doi            = "10.1140/epjc/s10052-008-0798-9",
      eprint         = "0803.0883",
      archivePrefix  = "arXiv",
      primaryClass   = "hep-ph",
      reportNumber   = "CERN-PH-TH-2008-038, CAVENDISH-HEP-08-03, KA-TP-05-2008,
                        DCPT-08-22, IPPP-08-11, CP3-08-05",
      SLACcitation   = "%%CITATION = ARXIV:0803.0883;%%"
}
@online{pT_Cut_and_Muon-in-jet_Correction,
  title = "{pT Cut and Muon-in-jet Correction}",
  url = {https://indico.cern.ch/event/870380/contributions/3671983/attachments/1960871/3258859/pT_Cut_and_Muon-in-jet_Correction.pdf}
}

@misc{NNloss,
      title={Training Neural Networks for Likelihood/Density Ratio Estimation},
      author={George V. Moustakides and Kalliopi Basioti},
      year={2019},
      eprint={1911.00405},
      archivePrefix={arXiv},
      primaryClass={eess.SP}
}

@article{NNloss1,
        author = {Kanamori, Takafumi and Hido, Shohei and Sugiyama, Masashi},
        title = {A Least-Squares Approach to Direct Importance Estimation},
        year = {2009},
        issue_date = {December 2009},
        publisher = {JMLR.org},
        volume = {10},
        issn = {1532-4435},
        journal = {J. Mach. Learn. Res.},
        month = dec,
        pages = {1391–1445},
        numpages = {55}
}

@misc{DeepEnsembles,
      title={Deep Ensembles: A Loss Landscape Perspective}, 
      author={Stanislav Fort and Huiyi Hu and Balaji Lakshminarayanan},
      year={2020},
      eprint={1912.02757},
      archivePrefix={arXiv},
      primaryClass={stat.ML}
}

@article{Bootstrap,
        author = {Efron, B.},
        doi = {10.1214/aos/1176344552},
        fjournal = {The Annals of Statistics},
        journal = {Ann. Statist.},
        month = 01,
        number = 1,
        pages = {1--26},
        publisher = {The Institute of Mathematical Statistics},
        title = {Bootstrap Methods: Another Look at the Jackknife},
        url = {https://doi.org/10.1214/aos/1176344552},
        volume = 7,
        year = 1979
}

@article{EMD,
  title={The distance between two random vectors with given dispersion matrices},
  author={Olkin, Ingram and Pukelsheim, Friedrich},
  journal={Linear Algebra and its Applications},
  volume={48},
  pages={257--263},
  year={1982},
  publisher={Elsevier}
}

% statistical
@article{histfactory,
  author        = "Cranmer, Kyle and Lewis, George and Moneta, Lorenzo and Shibata, Akira and Verkerke, Wouter",
  title         = "{HistFactory: A tool for creating statistical models for use with RooFit and RooStats}",
  address       = "New York",
  number        = "CERN-OPEN-2012-016",
  Nomonth         = "1",
  year          = "2012",
  reportNumber  = "CERN-OPEN-2012-016",
  url           = "https://cds.cern.ch/record/1456844",
}
