@misc{dedman_latex_git,
  title = {GitLab: Dedman Thesis Latex Template},
  howpublished = {\url{https://github.com/matthewfeickert/Dedman-Thesis-Latex-Template}},
  urldate = {2022-05-02}
}


@phdthesis{matthew_feickert,
      author        = "Feickert, Matthew Carl",
      title         = "{A Search for Boosted Low Mass Resonances Decaying to the
                       $b\bar{b}$ Final State and Produced in Association with a
                       Jet at $\sqrt{s} = 13~\mathrm{TeV}$ with the ATLAS
                       Detector}",
      year          = "2019",
      url           = "https://cds.cern.ch/record/2690521",
      note          = "Presented 06 Aug 2019",
}
