@thesis{thesis_track_sim_and_reco,
      author        = "Salzburger, Andreas",
      title         = "{Track Simulation and Reconstruction in the ATLAS
                       experiment}",
      year          = "2008",
      url           = "http://cds.cern.ch/record/2224514",
}


@article{atlas_track_reco_performance,
   title={Performance of the ATLAS track reconstruction algorithms in dense environments in LHC Run 2},
   volume={77},
   ISSN={1434-6052},
   url={http://dx.doi.org/10.1140/epjc/s10052-017-5225-7},
   DOI={10.1140/epjc/s10052-017-5225-7},
   number={10},
   journal={The European Physical Journal C},
   publisher={Springer Science and Business Media LLC},
   author={Aaboud, M. and Aad, G. and Abbott, B. and Abdallah, J. and Abdinov, O. and Abeloos, B. and Abidi, S. H. and AbouZeid, O. S. and Abraham, N. L. and et al.},
   year={2017},
   month={Oct}
}


@article{connected_component_analysis,
author = {Rosenfeld, Azriel and Pfaltz, John L.},
title = {Sequential Operations in Digital Picture Processing},
year = {1966},
issue_date = {Oct. 1966},
publisher = {Association for Computing Machinery},
address = {New York, NY, USA},
volume = {13},
number = {4},
issn = {0004-5411},
url = {https://doi.org/10.1145/321356.321357},
doi = {10.1145/321356.321357},
journal = {J. ACM},
month = {oct},
pages = {471–494},
numpages = {24}
}



@article{cell_clustering,
    title={Topological cell clustering in the ATLAS calorimeters and its performance in LHC Run 1},
    volume={77},
    ISSN={1434-6052},
    url={http://dx.doi.org/10.1140/epjc/s10052-017-5004-5},
    DOI={10.1140/epjc/s10052-017-5004-5},
    number={7},
    journal={The European Physical Journal C},
    publisher={Springer Science and Business Media LLC},
    author={Aad, G. and Abbott, B. and Abdallah, J. and Abdinov, O. and Aben, R. and Abolins, M. and AbouZeid, O. S. and Abramowicz, H. and Abreu, H. and et al.},
    year={2017},
    month={Jul}
}

@article{jet_energy_scale13TeV,
    author = "Aad, Georges and others",
    collaboration = "ATLAS",
    title = "{Jet energy scale and resolution measured in proton\textendash{}proton collisions at $\sqrt{s}=13$~TeV with the ATLAS detector}",
    eprint = "2007.02645",
    archivePrefix = "arXiv",
    primaryClass = "hep-ex",
    reportNumber = "CERN-EP-2020-083",
    doi = "10.1140/epjc/s10052-021-09402-3",
    journal = "Eur. Phys. J. C",
    volume = "81",
    number = "8",
    pages = "689",
    year = "2021"
}

@article{anti_kt,
   title={The anti-ktjet clustering algorithm},
   volume={2008},
   ISSN={1029-8479},
   url={http://dx.doi.org/10.1088/1126-6708/2008/04/063},
   DOI={10.1088/1126-6708/2008/04/063},
   number={04},
   journal={Journal of High Energy Physics},
   publisher={Springer Science and Business Media LLC},
   author={Cacciari, Matteo and Salam, Gavin P and Soyez, Gregory},
   year={2008},
   month={Apr},
   pages={063–063}
}

@article{pflow,
   title={Jet reconstruction and performance using particle flow with the ATLAS Detector},
   volume={77},
   ISSN={1434-6052},
   url={http://dx.doi.org/10.1140/epjc/s10052-017-5031-2},
   DOI={10.1140/epjc/s10052-017-5031-2},
   number={7},
   journal={The European Physical Journal C},
   publisher={Springer Science and Business Media LLC},
   author={Aaboud, M. and Aad, G. and Abbott, B. and Abdallah, J. and Abdinov, O. and Abeloos, B. and Abidi, S. H. and AbouZeid, O. S. and Abraham, N. L. and et al.},
   year={2017},
   month={Jul}
}

@pdfthesis{thesis_giacinto,
      author        = "Piacquadio, Giacinto",
      title         = "{Identification of b-jets and investigation of the
                       discovery potential of a Higgs boson in the $WH \to l
                       \nu b \bar{b}$ channel with the ATLAS experiment}",
      year          = "2010",
      url           = "https://cds.cern.ch/record/1243771",
      note          = "Presented on 11 Jan 2010",
}

@article{bjet_id_and_performance,
   title={ATLAS b-jet identification performance and efficiency measurement with $t{\bar{t}}$ events in pp collisions at $\sqrt{s}=13$ TeV},
   volume={79},
   ISSN={1434-6052},
   url={http://dx.doi.org/10.1140/epjc/s10052-019-7450-8},
   DOI={10.1140/epjc/s10052-019-7450-8},
   number={11},
   journal={The European Physical Journal C},
   publisher={Springer Science and Business Media LLC},
   author={Aad, G. and Abbott, B. and Abbott, D. C. and Abud, A. Abed and Abeling, K. and Abhayasinghe, D. K. and Abidi, S. H. and AbouZeid, O. S. and Abraham, N. L. and et al.},
   year={2019},
   month={Nov}
}

@techreport{btagging_optimisation,
      title         = "{Optimisation and performance studies of the ATLAS
                       $b$-tagging algorithms for the 2017-18 LHC run}",
      institution   = "CERN",
      collaboration = "ATLAS Collaboration",
      address       = "Geneva",
      reportNumber  = "ATL-PHYS-PUB-2017-013",
      month         = "Jul",
      year          = "2017",
      url           = "https://cds.cern.ch/record/2273281",
      note          = "All figures including auxiliary figures are available at
                       https://atlas.web.cern.ch/Atlas/GROUPS/PHYSICS/PUBNOTES/ATL-PHYS-PUB-2017-013",
}
  

@article{dl1r,
    author = "Pereira Sanchez, Laura",
    collaboration = "ATLAS",
    title = "{Calibration of flavour tagging algorithms in ATLAS on $t\bar t$ and Z+jets final states}",
    doi = "10.22323/1.398.0434",
    journal = "PoS",
    volume = "EPS-HEP2021",
    pages = "434",
    year = "2022"
}


@techreport{Gupta:2271945,
      author        = "Gupta, Ruchi and Alison, John",
      title         = "{b-tagging efficiency for b-jet triggers}",
      institution   = "CERN",
      address       = "Geneva",
      reportNumber  = "ATL-COM-DAQ-2017-062",
      month         = "Jun",
      year          = "2017",
      url           = "https://cds.cern.ch/record/2271945",
}


% Used for jet pic
@article{Mehlhase:2770815,
      author        = "Mehlhase, Sascha",
      title         = "{ATLAS detector slice (and particle visualisations)}",
      collaboration = "ATLAS Collaboration",
      month         = "May",
      year          = "2021",
      url           = "https://cds.cern.ch/record/2770815",
}



@article{jet_energy_measurment,
   title={Jet energy measurement with the ATLAS detector in proton-proton collisions at $\sqrt{\mathrm{s}
}=7\ \mathrm{TeV}$},
   volume={73},
   ISSN={1434-6052},
   url={http://dx.doi.org/10.1140/epjc/s10052-013-2304-2},
   DOI={10.1140/epjc/s10052-013-2304-2},
   number={3},
   journal={The European Physical Journal C},
   publisher={Springer Science and Business Media LLC},
   author={Aad, G. and others},
   year={2013},
   month={Mar} }


@techreport{jvt_algo,
      title         = "{Tagging and suppression of pileup jets with the ATLAS
                       detector}",
      institution   = "CERN",
      address       = "Geneva",
      reportNumber  = "ATLAS-CONF-2014-018",
      month         = "May",
      year          = "2014",
      url           = "https://cds.cern.ch/record/1700870",
      note          = "All figures including auxiliary figures are available at
                       https://atlas.web.cern.ch/Atlas/GROUPS/PHYSICS/CONFNOTES/ATLAS-CONF-2014-018",
}

@article{kalman,
    title = {Application of Kalman filtering to track and vertex fitting},
    journal = {Nuclear Instruments and Methods in Physics Research Section A: Accelerators, Spectrometers, Detectors and Associated Equipment},
    volume = {262},
    number = {2},
    pages = {444-450},
    year = {1987},
    issn = {0168-9002},
    doi = {https://doi.org/10.1016/0168-9002(87)90887-4},
    url = {https://www.sciencedirect.com/science/article/pii/0168900287908874},
    author = {R. Frühwirth},
    abstract = {Recently iterative procedures have been proposed for track and vertex fitting in counter experiments. We show that the proper theoretical framework for these procedures is the theory of linear filtering, in particular the Kalman filter. Using results from filtering theory we confirm and extend the previous results. We also discuss the detection of outliers and of secondary vertices.}
}



@article{MLatLHC,
    author = "Guest, Dan and Cranmer, Kyle and Whiteson, Daniel",
    title = "{Deep Learning and its Application to LHC Physics}",
    eprint = "1806.11484",
    archivePrefix = "arXiv",
    primaryClass = "hep-ex",
    doi = "10.1146/annurev-nucl-101917-021019",
    journal = "Ann. Rev. Nucl. Part. Sci.",
    volume = "68",
    pages = "161--181",
    year = "2018"
}


@misc{track_seeding,
  title = {Inside Out - Track Seeding and Finding},
  howpublished = {\url{https://atlassoftwaredocs.web.cern.ch/trackingTutorial/tracksf/}},
  urldate = {2022-02-26}
}

@misc{primary_vertex_identification,
  title = {Primary Vertex Identification in the VBF Higgs to Invisibles Topology},
  howpublished = {\url{https://twiki.cern.ch/twiki/bin/view/AtlasProtected/PrimaryVertexIdentification}},
  urldate = {2022-02-13}
}

@misc{intro_to_neural_networks,
  title = {Neural networks: representation},
  howpublished = {\url{https://www.jeremyjordan.me/intro-to-neural-networks/}},
  urldate = {2022-03-20}
}

@misc{colored_neural_network,
  title = {Colored neural network},
  howpublished = {\url{https://commons.wikimedia.org/wiki/File:Colored\_neural\_network.svg}},
  urldate = {2022-03-20}
}

@misc{athena_git,
  title = {GitLab: Athena},
  howpublished = {\url{https://gitlab.cern.ch/atlas/athena}},
  urldate = {2022-03-11}
}

@misc{keras,
  title = {Keras},
  howpublished = {\url{https://keras.io/}},
  urldate = {2022-03-11}
}

@misc{cern_root_tmva,
  title = {Machine learning with ROOT},
  howpublished = {\url{https://root.cern/manual/tmva/}},
  urldate = {2022-03-11}
}

@misc{gnuplot,
  title = {Gnuplot Homepage},
  howpublished = {\url{http://www.gnuplot.info/}},
  urldate = {2022-04-15}
}
