@article{Barlow:2019svl,
    author = "Barlow, Roger John",
    editor = "Mulders, M. and Tr\^an Thanh V\^an, J.",
    title = "{Practical Statistics for Particle Physics}",
    eprint = "1905.12362",
    archivePrefix = "arXiv",
    primaryClass = "physics.data-an",
    reportNumber = "CERN-2020-0005",
    doi = "10.23730/CYRSP-2020-005.149",
    journal = "CERN Yellow Rep. School Proc.",
    volume = "5",
    pages = "149--197",
    year = "2020"
}

@misc{cranmer2015practical,
      title={Practical Statistics for the LHC}, 
      author={Kyle Cranmer},
      year={2015},
      eprint={1503.07622},
      archivePrefix={arXiv},
      primaryClass={physics.data-an}
}


@misc{cousins2020likelihood,
      title={What is the likelihood function, and how is it used in particle physics?}, 
      author={Robert D. Cousins},
      year={2020},
      eprint={2010.00356},
      archivePrefix={arXiv},
      primaryClass={physics.data-an}
}


@article{asymptotic_formulae_for_likelihood,
   title={Asymptotic formulae for likelihood-based tests of new physics},
   volume={71},
   ISSN={1434-6052},
   url={http://dx.doi.org/10.1140/epjc/s10052-011-1554-0},
   DOI={10.1140/epjc/s10052-011-1554-0},
   number={2},
   journal={The European Physical Journal C},
   publisher={Springer Science and Business Media LLC},
   author={Cowan, Glen and Cranmer, Kyle and Gross, Eilam and Vitells, Ofer},
   year={2011},
   month={Feb}
}


@misc{pearson_correlation,
  title = {SPSS Tutorials: Pearson Correlation},
  howpublished = {\url{https://libguides.library.kent.edu/SPSS/PearsonCorr}},
  urldate = {2022-04-20}
}

