@misc{trigger_naming,
  title = {Trigger naming Run 2},
  howpublished = {\url{https://twiki.cern.ch/twiki/bin/view/Atlas/TriggerNamingRun2}},
  urldate = {2022-01-28}
}
