@article{Aaboud:2016mmw,
 author         = "Aaboud, M. and others",
 title          = "{Measurement of the Inelastic Proton-Proton Cross Section
  at $\sqrt{s} = 13$~TeV with the ATLAS Detector at the
 LHC}",
 collaboration  = "ATLAS",
 journal        = "Phys. Rev. Lett.",
 volume         = "117",
 year           = "2016",
 number         = "18",
 pages          = "182002",
 doi            = "10.1103/PhysRevLett.117.182002",
 eprint         = "1606.02625",
 archivePrefix  = "arXiv",
 primaryClass   = "hep-ex",
 reportNumber   = "CERN-EP-2016-140",
}

% Higgs papers
@article{Higgs:1964ia,
 author         = "Higgs, Peter W.",
 title          = "{Broken symmetries, massless particles and gauge fields}",
 journal        = "Phys. Lett.",
 volume         = "12",
 year           = "1964",
 pages          = "132-133",
 doi            = "10.1016/0031-9163(64)91136-9",
 SLACcitation   = "%%CITATION = PHLTA,12,132;%%"
}
